3375 5250
462 402 778 454 BENEDJCTIONES
797 401 1055 451 EPISCOPALES.
1340 408 1373 458 47

204 575 281 658 Quo
311 573 382 636 eius
408 569 576 652 exemplis
609 567 810 632 eruditi.et
846 566 1084 634 intercessione
1119 563 1372 628 muniti.cuius

160 660 383 745 depositionis
414 659 503 722 diem
535 656 712 720 celebratis
729 705 736 720 .
752 655 800 718 illi
832 655 968 738 possitis
1000 654 1033 717 in
1065 652 1202 718 caelesti
1235 652 1373 735 regione

163 749 310 832 adiungi.
355 746 474 810 Amen.

209 836 310 920 Quod
334 835 406 916 ipse
428 839 577 915 prestare
599 830 767 913 dignetur.

231 1105 472 1167 BENEDICTIO
495 1111 538 1162 IN
564 1110 717 1161 NATALE
741 1107 1001 1162 PLURIMORUM
1024 1107 1308 1160 CONFESSORUM.

227 1265 413 1329 Anctorum
436 1258 664 1323 confessorum
696 1278 832 1322 suorum
858 1257 986 1322 meritis
1009 1278 1071 1321 uos
1095 1256 1253 1321 dominus
1277 1258 1378 1324 faciat

271 1350 422 1415 benedici
439 1396 446 1412 .
463 1357 497 1411 et
527 1358 645 1410 contra
674 1348 817 1409 aduersa
849 1346 962 1408 omnia
993 1364 1109 1408 eorum
1141 1345 1379 1410 intercessione

172 1439 303 1503 muniri.
347 1437 465 1500 Amen.

218 1527 344 1590 Eorum
381 1543 442 1586 uos
481 1521 602 1586 efficiat
643 1520 802 1600 suffragio
846 1519 1143 1603 felices.quorum
1188 1518 1380 1585 sestiuitatis

172 1614 263 1677 diem
287 1610 462 1675 celebratis
485 1622 637 1672 ouantes.
683 1607 800 1670 Amen.

218 1700 263 1764 Et
300 1700 357 1781 qui
396 1717 510 1759 eorum
550 1694 727 1758 imitamini
762 1694 940 1776 exempla.
958 1692 1078 1756 horum
1112 1693 1305 1758 interuentu
1338 1697 1381 1759 ad

173 1787 330 1851 caelestia
353 1785 527 1867 peruenire
551 1782 686 1866 possitis
710 1781 885 1863 promissa.
929 1780 1048 1843 Amen.

220 1874 321 1958 Quod
346 1873 417 1954 ipse
441 1880 590 1954 prestare
614 1869 899 1952 dignetur.cuius
923 1887 1074 1950 regnum.

200 2145 437 2209 BENEDICTIO
461 2156 504 2206 IN
528 2155 681 2206 NATALE
705 2154 823 2207 UNIUS
848 2154 1021 2207 UIRGINIS
1046 2155 1127 2206 NON
1153 2155 1356 2208 MARTYRIS.

181 2315 394 2442 [REspice
415 2314 561 2416 ‘domine
592 2312 680 2414 hanc
714 2311 875 2414 familiam
910 2322 1003 2377 tuam
1035 2313 1159 2377 serenis
1209 2310 1281 2403 [fol.
1311 2317 1386 2396 64v.

313 2400 510 2483 optutibus.
528 2409 561 2464 et
599 2408 843 2464 rnteruenrente
880 2399 981 2463 beata
1002 2451 1011 2466 .
1027 2400 1062 2463 ill
1079 2449 1086 2464 .
1110 2400 1261 2482 uirgine.
1283 2401 1385 2486 largis

183 2507 257 2552 eam
280 2488 419 2552 infunde
441 2485 733 2551 benedictionibus
749 2533 757 2550 .
773 2498 810 2550 ut
830 2487 863 2549 in
888 2488 978 2550 uiam
1003 2488 1082 2551 recti
1106 2488 1232 2551 itineris
1255 2509 1389 2570 gressus

183 2596 261 2640 suos
284 2577 429 2659 dirigat.
446 2583 480 2639 et
504 2574 581 2638 fidei
605 2594 685 2638 suae
707 2573 864 2638 stabilem
888 2574 1079 2639 firmitatem
1103 2583 1223 2639 teneat.
1268 2576 1387 2644 Amen.

228 2664 363 2729 Sanctis
386 2662 506 2726 beatae
529 2662 667 2745 uirginis
689 2661 952 2743 suffragantibus
975 2663 1223 2727 meritis.cuius
1243 2684 1388 2730 annuam

184 2752 408 2814 sestiuitatem
440 2750 573 2813 deuotis
609 2748 780 2812 mentibus
808 2751 1270 2831 exercet.perseuerantiam
1309 2753 1389 2816 boni

185 2839 295 2921 operis
318 2858 424 2920 usque
447 2838 481 2899 in
503 2835 604 2900 finem
627 2835 750 2905 habere
774 2848 949 2900 mereatur.
994 2837 1112 2901 Amen.

231 2924 277 2988 Et
307 2925 436 3009 premia
464 2924 635 2987 destinata
664 2924 789 2987 sanctis
818 2923 852 2985 in
884 2933 1021 2986 aeterna
1052 2925 1261 2990 beatitudine
1283 2928 1390 3009 possi-

185 3013 266 3075 deat
296 3014 368 3075 sine
398 3010 537 3075 fine.et
568 3030 643 3073 cum
675 3010 723 3073 eis
750 3011 847 3074 sicuti
879 3020 930 3074 est
949 3014 1055 3075 deum
1083 3011 1168 3077 facie
1198 3015 1242 3077 ad
1270 3013 1389 3077 faciem

188 3099 259 3162 uisu
284 3098 490 3161 indefectiuo
514 3108 680 3161 mereatur
704 3097 828 3161 uidere.
872 3098 991 3161 Amen.

231 3184 333 3269 Quod
351 3186 423 3269 ipse
444 3194 593 3267 prestare
614 3184 779 3266 dignetur.

343 3430 580 3493 BENEDICTIO
604 3441 646 3490 IN
672 3441 824 3491 NATALE
849 3441 1021 3494 UIRGINIS
1046 3442 1248 3496 MARTYRIS.

256 3608 423 3672 Enedicat
448 3607 544 3670 uobis
569 3606 750 3670 dominus,
770 3606 826 3687 qui
850 3607 971 3671 beatae
995 3608 1115 3690 uirgini
1132 3658 1139 3673 .
1155 3610 1190 3672 ill
1205 3658 1213 3673 .
1230 3613 1395 3675 concessit

297 3706 331 3759 et
353 3696 508 3759 decorem
533 3693 756 3776 uirginitatis.
773 3703 807 3758 et
830 3693 972 3775 gloriam
994 3697 1165 3777 passionis.
1213 3697 1333 3763 Amen.

238 3784 304 3866 lEt
326 3783 420 3845 cuius
443 3782 664 3863 opitulatione
684 3780 742 3842 illa
766 3782 886 3845 meruit
910 3793 943 3845 et
961 3803 1064 3845 sexus
1088 3782 1210 3866 fragili·
1251 3780 1323 3871 [sol.
1339 3784 1392 3866 65.

192 3879 297 3934 tatem
321 3878 355 3933 et
376 3869 647 3950 persequentium
668 3867 794 3930 rabiem
814 3867 1085 3933 deuincere.u0s
1105 3871 1241 3953 possitis
1268 3882 1302 3935 et
1321 3892 1393 3936 ues-

192 3968 319 4021 trorum
347 3975 523 4037 corporum
550 3954 757 4018 inlecebras,
774 3963 807 4018 et
834 3956 963 4038 antiqui
987 3955 1093 4020 hostis
1122 3957 1393 4023 machinamenta

194 4064 360 4126 superare.
405 4042 524 4106 Amen.

240 4130 317 4213 Quo
347 4130 433 4193 sicut
456 4127 514 4191 illa
539 4149 623 4192 sexu
652 4127 760 4209 fragili
787 4128 883 4191 uirile
909 4130 982 4193 nisa
1008 4141 1059 4195 est
1083 4140 1251 4195 certamen
1277 4134 1393 4199 adire.

195 4230 230 4281 et
268 4225 346 4300 post
375 4225 544 4280 certarnen
578 4216 622 4279 de
655 4215 810 4278 hostibus
849 4216 1077 4297 triumphare.
1094 4218 1141 4282 ita
1172 4240 1232 4282 uos
1264 4220 1297 4282 in
1331 4221 1394 4285 hac

198 4304 403 4368 mortalitate
427 4304 578 4366 uiuentes
595 4350 602 4366 .
619 4303 759 4365 ualeatis
784 4312 817 4366 et
840 4303 1017 4385 antiquum
1042 4305 1174 4368 hostem
1195 4307 1396 4374 deuincere.

83 4456 85 4461 .
196 4401 233 4456 et
257 4392 300 4455 ad
323 4409 425 4473 regna
446 4389 603 4454 caelestia
624 4388 805 4473 peruenire.

243 4477 343 4561 Quod
371 4479 442 4560 ipse
465 4487 612 4559 prestare
638 4478 818 4559 dignetur.
834 4476 928 4541 cuius
952 4498 1101 4560 regnum.
