3375 5250
583 473 903 524 BENEDICTIONES
923 470 1184 521 EPISCOPALES.

509 747 555 812 Iu
580 760 817 812 NATIUITATE
839 760 976 812 sanem
1000 755 1263 809 Pnacunsoms.

346 925 511 989 Enedicat
548 946 610 990 uos
642 925 857 1008 omnipotens
895 924 979 988 deus
1016 923 1107 986 beati
1149 920 1305 984 iohannis
1342 917 1491 1000 baptiste

394 1013 653 1078 intercessione.
670 1015 763 1076 cuius
810 1013 910 1076 hodie
931 1039 934 1044 ·
956 1011 1114 1074 natalicia
1158 1006 1333 1072 celebratis
1349 1053 1357 1070 .
1372 1024 1489 1068 conce·

284 1100 410 1183 datque
433 1109 471 1165 ut
493 1101 587 1164 cuius
605 1100 810 1182 sollempnia
831 1097 1158 1180 colitis.patrocinia
1176 1094 1339 1158 sentiatis
1372 1092 1491 1155 Amen.

332 1187 447 1270 [Illius
473 1189 614 1252 obtentu
647 1188 690 1251 ab
722 1187 878 1250 omnibus
905 1185 1054 1249 aduersis
1081 1183 1311 1247 tueamini.ct
1334 1179 1405 1262 [sol.
1423 1192 1495 1258 51v.

287 1274 385 1338 bonis
408 1275 565 1338 omnibus
588 1272 890 1357 perfruamini.qui
913 1274 1098 1336 aduentum
1124 1268 1346 1352 redemptoris
1374 1266 1492 1329 mundi

286 1362 431 1425 necdum
462 1373 561 1425 natus
590 1361 774 1444 cognouit.
792 1361 907 1425 matris
938 1358 1149 1422 sterilitatem
1182 1355 1351 1419 nascendo
1381 1352 1494 1416 abstu-

288 1447 349 1512 lit.
364 1448 468 1530 patris
490 1447 640 1531 linguam
664 1457 764 1511 natus
787 1446 942 1511 absoluit.
987 1445 1105 1508 Amen.

331 1533 499 1617 Quatinus
529 1535 632 1618 ipsius
659 1537 738 1617 agni
769 1554 869 1616 quem
899 1532 1008 1615 digito
1034 1531 1205 1596 ostendit.
1221 1529 1314 1594 cuius
1340 1525 1493 1590 immola-

290 1622 383 1685 tione
399 1622 478 1686 estis
494 1622 659 1705 redempti
670 1669 678 1686 .
689 1623 736 1686 ita
759 1623 922 1685 uirtutum
939 1620 1024 1683 lanis
1044 1619 1156 1682 uestiti
1171 1615 1199 1681 ¹.
1210 1627 1244 1680 et
1266 1613 1492 1678 innocentiam

277 1709 429 1773 ualeatis
464 1709 610 1773 imitari.
627 1719 664 1772 ut
695 1709 725 1772 ei
762 1709 796 1771 in
831 1717 964 1772 eternae
998 1706 1128 1789 patriae
1164 1703 1324 1768 felicitate
1359 1699 1495 1783 possitis

289 1795 437 1878 adiungi.
482 1797 604 1861 Amen.

334 1881 436 1965 Quod
459 1882 530 1965 ipse
553 1892 702 1966 prestare
725 1882 893 1965 dignetur.

444 2197 490 2260 ΙΝ
515 2211 663 2263 mcum
687 2199 979 2264 Aaosrotouuu
1004 2197 1121 2261 Pactu
1145 2211 1194 2259 ur
1218 2197 1347 2260 PAum.

361 2357 432 2423 Eus
463 2359 519 2442 qui
551 2361 585 2424 in
622 2360 780 2424 membris
814 2359 975 2423 ecclesiae
1010 2359 1104 2423 uelut
1139 2359 1350 2439 geminatum
1385 2356 1499 2419 lumen

404 2466 472 2529 quo
514 2457 695 2512 caueantur
739 2447 922 2510 tenebrae.
938 2446 1045 2509 fecisti
1088 2445 1175 2527 petri
1213 2444 1367 2508 lacrimas
1384 2493 1390 2506 .
1407 2442 1499 2525 pauli

291 2526 419 2595 litteras
456 2553 629 2596 coruscare
646 2584 652 2597 .
669 2535 816 2597 concede
849 2534 926 2596 huic
963 2533 1110 2596 familiae
1147 2540 1226 2594 tuae
1262 2531 1371 2594 selicia
1408 2531 1498 2593 dona

293 2617 361 2682 suis
384 2618 559 2683 indefessis
581 2620 801 2702 petitionibus
824 2622 986 2703 optinere.
1030 2618 1149 2683 Amen.

337 2706 452 2788 Atque
475 2726 549 2769 eam
572 2710 615 2771 de
638 2709 789 2790 supernis
813 2709 949 2771 sedibus
973 2707 1126 2789 placatus
1149 2705 1365 2788 inspice.qui
1388 2704 1500 2768 caelos

292 2792 402 2941 lpcisti
433 2793 697 2877 aperire.petro
729 2794 782 2876 lin
817 2796 912 2858 claue
928 2844 935 2858 .
952 2793 1054 2877 paulo
1092 2794 1126 2854 in
1164 2793 1333 2874 dogmate.
1364 2791 1433 2875 [sol.
1452 2806 1501 2871 52.

330 2900 410 2943 men.

337 2966 382 3030 Et
412 2967 641 3048 preuiantibus
678 2967 820 3030 ducibus
858 2966 937 3031 illuc
972 2988 1058 3050 grex
1089 2967 1196 3049 possit
1234 2967 1415 3030 accedere.
1433 2985 1500 3047 quo

292 3064 515 3135 peruenerunt
536 3054 599 3135 ipsi
622 3056 746 3136 pariter
764 3065 834 3118 tam
855 3053 912 3117 ille
930 3065 1045 3136 pastor
1068 3074 1127 3137 per
1148 3054 1501 3136 suspendium.quam

293 3140 358 3203 iste
379 3140 497 3204 doctor
519 3140 670 3223 gentium
694 3160 754 3222 per
775 3140 937 3222 gladium.
981 3141 1100 3207 Amen.

338 3226 440 3310 Quod
463 3226 535 3309 ipse
558 3238 708 3310 prestare
731 3227 896 3310 dignetur.

450 3545 496 3610 IN
521 3559 770 3611 FESTIUITATE
794 3560 1078 3613 APOSTOLORUM
1103 3561 1347 3613 SANCTORUM.

301 3705 523 3831 BEnedicat
548 3728 609 3771 uos
632 3709 737 3808 deus.
747 3708 805 3790 qui
829 3728 897 3810 nos·
914 3709 1006 3773 beati
1029 3711 1115 3793 petri
1136 3710 1356 3795 saluberrima
1374 3712 1504 3775 confes-

398 3814 492 3858 sione
516 3815 548 3857 m
573 3794 800 3859 eclesiasticae
820 3794 898 3860 fider
923 3796 1080 3862 fundauit
1101 3797 1284 3863 soliditate.
1328 3799 1447 3863 Amen.

338 3884 384 3947 Et
407 3901 491 3964 quos
516 3883 604 3945 beati
630 3883 720 3964 pauli
748 3882 962 3946 sanctissima
993 3884 1155 3949 instruxit
1181 3886 1428 3968 predicatione.
1443 3899 1504 3950 sua

292 3978 426 4036 tueatur
448 3970 638 4051 gratissima
662 3968 865 4035 defensione.
909 3971 1027 4035 Amen.
1182 3977 1184 3980 ’

338 4056 506 4141 Quatinus
536 4067 651 4139 petrus
681 4058 929 4139 claue.paulus
960 4061 1302 4144 sermolne.utrique
1334 4059 1405 4142 [fol.
1431 4074 1503 4140 52v.

295 4145 554 4209 intercessione.
572 4146 615 4206 ad
654 4143 746 4208 illam
787 4166 851 4209 uos
888 4156 1017 4211 certent
1055 4148 1254 4230 perducere
1276 4148 1444 4229 patriam.
1461 4147 1505 4209 ad

293 4253 397 4383 pluam
429 4230 475 4294 illi
506 4232 590 4295 alter
620 4251 740 4296 cruce.
760 4233 846 4297 alter
882 4234 996 4316 gladio
1011 4283 1019 4297 .
1036 4234 1198 4299 hodierna
1229 4235 1285 4300 die
1315 4252 1506 4316 peruenere.

332 4340 416 4385 men.

338 4406 440 4490 Quod
464 4406 537 4489 ipse
560 4416 710 4488 prestare
733 4407 1025 4490 dignetur.cuius

750 4555 758 4584 ¹
776 4556 913 4608 Correeted
924 4564 951 4607 to
962 4556 1056 4609 uestiri.
