3375 5250
661 380 919 432 CONSECRATIO
940 378 1123 429 REGINAE.

326 692 472 757 INCIPIT
497 703 757 756 CONSECRATIO
782 702 954 755 REGINAE
970 736 979 753 .
996 702 1045 751 ΑΒ
1068 699 1246 753 EPISCOPO
1269 699 1453 750 DICENDA.

293 855 361 983 IN
393 856 528 958 nomine
557 855 661 958 patris
690 864 726 921 et
748 854 808 919 filii
831 863 867 918 et
888 853 1026 937 spiritus
1045 851 1178 953 sapcti.
1195 852 1300 936 prosit
1323 850 1386 915 tibi
1411 850 1498 913 haec

371 954 487 1009 unctro
510 944 575 1007 oler
600 943 820 1007 inhonorem
845 949 879 1006 et
904 940 1194 1005 confirmationem
1219 947 1399 1004 aeternam

738 1154 906 1237 Sequatur
931 1154 1043 1219 oratio.

292 1304 457 1431 OMnip
434 1311 554 1387 potens
592 1300 846 1384 sempiternae†
828 1300 986 1377 †.deus
1003 1298 1195 1365 affluentem
1225 1299 1378 1382 spiritum
1416 1309 1497 1362 tuae

402 1390 647 1455 benedictionis
668 1408 769 1472 super
789 1387 951 1451 famulam
979 1397 1073 1451 tuam
1100 1387 1197 1455 nobis
1222 1387 1397 1451 orantibus
1421 1406 1498 1469 pro·

291 1478 428 1560 pitiatus
454 1477 630 1543 infunde.
658 1485 697 1541 ut
728 1495 816 1559 quae
851 1494 912 1557 per
941 1494 1061 1539 manus
1096 1484 1230 1539 nostrae
1260 1474 1293 1538 in
1319 1474 1498 1538 ositionem

289 1566 390 1628 hodie
413 1564 527 1647 regina
550 1564 759 1629 instituitur.
776 1560 1041 1626 sanctificatione
1066 1571 1125 1627 tua
1147 1558 1267 1648 [digna
1275 1495 1318 1647 lf
1332 1571 1367 1625 et
1390 1560 1499 1624 electa

289 1659 507 1734 permaneat.
524 1660 562 1715 ut
587 1671 772 1733 numquam
804 1649 1022 1733 postmodum
1049 1648 1092 1713 de
1125 1657 1184 1713 tua
1213 1647 1369 1731 gratiae†
1400 1668 1496 1729 sepa·

288 1748 378 1803 retur
400 1738 551 1822 indigna.

722 1910 792 1973 Hic
815 1910 913 1975 detur
936 1912 1064 1976 anulus.

289 2060 457 2185 Accipe
472 2059 609 2124 anulum
626 2058 703 2123 fidei
719 2060 929 2161 signaculum
952 2071 1090 2125 sanctae
1103 2060 1287 2127 trinitatis.
1304 2082 1372 2145 quo
1388 2063 1498 2145 possis

401 2167 518 2212 omnes
533 2145 654 2231 heretis
640 2145 711 2231 lcas
723 2149 907 2229 prauitates
922 2148 1095 2214 deuitare.
1109 2156 1143 2211 et
1157 2147 1316 2212 barbaras
1333 2146 1407 2235 [fol.
1423 2163 1497 2230 171

288 2245 405 2318 gentes
421 2235 546 2299 uirtute
560 2233 622 2298 tibi
639 2254 788 2316 premere
804 2244 839 2298 et
853 2236 897 2299 ad
919 2236 1126 2317 agnitionem
1146 2236 1298 2300 ueritatis
1317 2236 1496 2300 aduocare.

744 2477 912 2561 Sequatur
929 2478 1043 2543 oratio.

360 2619 431 2683 Eus
457 2617 551 2684 cuius
575 2627 626 2683 est
650 2618 759 2682 omnis
784 2626 936 2700 potestas
959 2628 994 2684 et
1020 2618 1247 2702 dignitas.da
1270 2617 1396 2699 famule
1419 2629 1502 2698 tue.

404 2705 437 2768 N
455 2755 464 2771 .
480 2707 578 2788 signo
614 2716 694 2770 tuae
728 2705 806 2769 fidei
844 2725 1040 2789 prosperum
1078 2727 1159 2770 suae
1188 2707 1364 2788 dignitatis
1401 2706 1503 2772 eflec-

289 2792 610 2964 pprptgppapuzetibi
631 2813 764 2877 semper
784 2792 880 2857 firma
903 2801 1065 2857 maneat.
1082 2794 1210 2875 tibique
1228 2794 1350 2877 iugiter
1370 2793 1503 2878 placere

762 3017 832 3081 Hic
853 3027 1028 3081 coronetur.

292 3157 460 3306 ACcipe
486 3175 645 3220 coronam
667 3154 810 3237 gloriae.
824 3155 989 3218 honorem
1009 3154 1249 3218 iocunditatis.
1266 3165 1304 3219 ut
1324 3156 1503 3238 splendida

406 3243 557 3324 l.ulgeas
574 3251 608 3306 et
632 3253 768 3305 aeterna
786 3241 998 3305 exultatione
1024 3243 1217 3307 coroneris.
1235 3262 1295 3324 per
1315 3243 1502 3308 dominum.

745 3452 909 3536 Sequatur
932 3453 1046 3518 oratio.

364 3589 497 3654 Mnium
525 3588 660 3653 domine
686 3587 761 3652 sons
786 3588 951 3652 bonorum
973 3597 1007 3653 et
1031 3598 1226 3654 cunctorum
1252 3590 1350 3655 dator
1374 3593 1503 3675 prosec-

410 3687 540 3742 tuum.
564 3677 673 3740 tribue
710 3676 835 3754 lamule
870 3686 974 3741 tuae.
993 3677 1057 3741 N.
1073 3678 1233 3759 adeptam
1270 3677 1355 3743 bene
1389 3700 1507 3763 regere

294 3765 521 3846 dignitatem.
538 3774 573 3827 et
593 3785 613 3828 a
633 3761 668 3827 te
690 3764 754 3826 sibi
778 3764 953 3844 prestitam
978 3763 1011 3826 in
1032 3783 1073 3827 ea
1091 3763 1190 3828 bonis
1213 3766 1368 3848 operibus
1391 3787 1502 3830 corro-

294 3853 415 3916 borare
437 3850 605 3933 gloriam.
622 3871 681 3933 per
705 3847 909 3915 dominum.²

327 4025 335 4055 ¹
352 4025 416 4075 This
432 4022 527 4074 word'
520 4039 541 4072 rs
558 4021 674 4088 supplied
691 4022 774 4071 above
789 4021 834 4071 the
850 4021 902 4071 line
918 4022 952 4086 by
969 4038 984 4072 a
1000 4022 1065 4072 later
1080 4021 1157 4072 hand.

326 4091 337 4120 ¹
353 4091 410 4140 The
428 4088 535 4166 original
553 4097 609 4154 part
627 4088 657 4138 of
673 4087 716 4137 the
736 4094 853 4138 contents
870 4087 900 4136 oi
915 4087 959 4137 the
978 4087 1037 4138 MS.
1060 4088 1122 4138 ends
1139 4089 1207 4140 here.
1243 4090 1323 4140 What
1342 4090 1441 4142 follows
1459 4093 1506 4142 has

296 4159 361 4207 been
373 4155 456 4206 added
467 4162 494 4206 at
506 4151 622 4204 different
633 4153 716 4204 times.
