3375 5250
484 450 802 501 BENEDICTIONES
821 447 1081 500 EPISCOPALES.

423 649 624 740 DoM1u1cn
647 687 723 738 xv1.
749 687 840 738 rosc
865 674 1152 738 Pentecosten.

180 831 448 958 Ollnipotens
463 836 621 900 dominus
636 846 852 918 peccatorum
869 845 1055 900 uestrorum
1073 834 1221 899 maculas
1243 841 1388 916 purget.

295 933 328 984 et
353 943 414 987 sua
438 942 500 986 uos
527 923 761 988 benedictione
789 925 953 987 inlustret.
998 921 1118 987 Amor.

228 1008 371 1091 Repleat
394 1030 454 1073 uos
474 1011 673 1093 spiritalium
692 1011 789 1075 donis
811 1012 1036 1075 uirtutum.et
1058 1027 1270 1093 perseuerare
1288 1006 1389 1072 faciat

182 1097 218 1158 in
243 1096 339 1159 uobis
370 1098 579 1180 propositum
602 1108 761 1162 uestrum.
806 1099 926 1163 Amen.

225 1181 349 1264 Sicque
371 1183 595 1249 humilitatem
619 1195 766 1249 uestram
785 1186 951 1268 benignus
975 1194 1152 1269 acceptet.
1169 1192 1207 1247 ut
1228 1202 1310 1246 suae
1326 1200 1388 1246 uos

180 1271 315 1351 pietatis
341 1271 609 1335 remuneratione
634 1272 828 1356 locupletet.
876 1274 993 1337 Amen.

226 1357 326 1440 Quod
351 1361 422 1440 ipse
446 1369 595 1441 prestare
617 1360 782 1442 dignetur.

415 1679 615 1750 Donnucx
633 1694 731 1744 xvn.
756 1695 847 1747 Post
872 1683 1158 1751 Peurnoosrnu.

298 1946 359 1988 uos
383 1926 624 1991 benedictionis
648 1930 739 1992 dono
762 1928 953 2012 locupletet.
999 1929 1116 1992 Amen.

252 2011 492 2095 Concedatque
523 2014 643 2078 uobis.
660 2025 698 2079 ut
727 2016 785 2097 qui
816 2017 850 2079 in
886 2016 959 2080 sola
994 2035 1055 2098 spe
1088 2013 1217 2097 gratiae
1256 2010 1324 2094 [fol.
1342 2011 1394 2091 36.

182 2101 336 2165 caelestis
378 2101 559 2164 innitimini
581 2150 589 2166 .
611 2102 748 2167 caelesti
790 2103 892 2167 etiam
934 2102 1143 2187 protectione
1184 2098 1391 2164 muniamini.

181 2188 299 2251 Amen.
494 2231 496 2244 ·

228 2273 396 2357 Quatinus
426 2283 459 2338 et
484 2274 517 2337 in
541 2276 689 2358 presenti
713 2277 848 2341 saeculo
871 2276 1022 2340 mortalis
1042 2276 1132 2340 uitae
1156 2275 1281 2340 solacia
1305 2272 1394 2355 capi-

181 2362 248 2425 atis
265 2409 272 2424 .
289 2372 323 2425 et
348 2359 551 2444 sempiterna
575 2364 700 2445 gaudia
726 2365 1011 2448 comprehendere
1038 2363 1188 2428 ualeatis.
1233 2362 1355 2426 Amen.

229 2447 330 2530 Quod
355 2449 426 2530 ipse
450 2458 608 2530 prestare.

184 1835 450 1963 OMnipotens
473 1840 556 1903 deus
575 1839 699 1918 celesti·
713 1862 774 1904 uos
797 1841 1009 1924 protectione
1031 1837 1237 1905 circumdet.
1254 1846 1289 1902 et
1309 1853 1391 1900 suae

415 2764 613 2828 DOMINICA
637 2778 742 2829 XVIII.
767 2778 858 2829 POST
882 2764 1166 2830 PENTECOSTEN.

187 2929 453 3057 OMnipotens
491 2931 574 2994 deus
605 2928 768 2993 dexterae
813 2952 873 3007 sue
910 2937 1073 3012 perpetuo
1110 2948 1172 2992 uos
1210 2927 1395 2992 circumdet

300 3016 429 3079 auxilio
444 3065 451 3079 .
467 3027 502 3081 et
517 3016 789 3080 benedictionum
815 3037 951 3080 suarum
979 3016 1106 3100 repleat
1129 3015 1227 3079 dono.
1272 3016 1393 3079 Amen.

234 3102 291 3166 Ab
332 3102 424 3166 omni
465 3123 525 3167 uos
567 3104 734 3185 prauitate
778 3104 962 3167 defendat.
978 3118 1012 3166 et
1050 3104 1148 3167 donis
1195 3102 1394 3167 caelestibus

186 3190 374 3253 exuberare
398 3190 570 3254 concedat.
614 3191 733 3255 Amen.

231 3277 309 3359 Quo
335 3295 473 3359 corpore
498 3276 651 3341 mundati
674 3297 713 3341 ac
734 3288 848 3341 mente
864 3326 872 3341 .
888 3277 992 3342 talem
1018 3277 1048 3340 ei
1083 3277 1273 3341 exhibeatis
1291 3277 1394 3339 serui·

185 3372 318 3427 tutem.
335 3385 395 3445 per
420 3384 522 3446 quam
547 3364 706 3447 consequi
733 3365 875 3429 ualeatis
902 3364 1184 3448 propitiationem.
1231 3364 1349 3429 Amen.

233 3449 333 3532 Quod
358 3453 430 3534 ipse
451 3462 609 3534 prestare.

434 3758 633 3822 Donnucn
657 3773 733 3824 x1x.
759 3773 848 3824 pose
873 3757 1155 3823 Pnnmcosrnn.

194 3918 393 4044 PUrificet
413 3920 628 4000 omnipotens
655 3920 738 3982 deus
764 3929 951 3981 uestrorum
976 3918 1127 3981 cordium
1153 3918 1298 3981 archana
1314 3968 1321 3983 .
1337 3918 1395 3999 qui

294 4007 536 4070 benedictionis
571 4026 651 4069 suae
678 4007 774 4070 uobis
801 4006 918 4069 tribuit
959 4007 1194 4089 inlcrementa.
1221 4004 1289 4087 [sol.
1322 4006 1394 4085 36v.

188 4092 305 4157 Amen.

232 4180 290 4244 Ab
316 4181 472 4245 omnibus
503 4183 594 4247 uitae
621 4180 776 4263 periculis
807 4180 980 4243 exuamini
997 4229 1005 4243 .
1021 4188 1054 4243 et
1076 4180 1237 4244 uirtutum
1263 4180 1396 4263 spiritu·

188 4266 291 4330 alium
314 4269 522 4331 ornamentis
553 4268 749 4332 induamini.
794 4267 913 4331 Amen.

233 4354 311 4436 Quo
343 4355 430 4418 illius
452 4356 619 4420 adiutorio
649 4354 810 4419 sulti.sic
849 4356 879 4417 ei
915 4355 1068 4419 seruiatis
1099 4354 1132 4417 in
1160 4354 1331 4419 terris.ut
1362 4355 1393 4418 ei

186 4442 345 4523 coniungi
364 4442 505 4505 ualeatis
528 4445 561 4506 in
585 4442 696 4507 caelis.
741 4444 862 4506 Amen.

233 4528 333 4611 Quod
361 4531 432 4610 ipse
458 4539 606 4611 prestare
632 4530 811 4611 dignetur.
829 4530 923 4591 cuius
947 4548 1098 4610 regnum.
