3375 5250
610 427 927 477 BENEDICTIONES
945 425 1203 478 EPISCOPALES.

509 653 747 717 Bauumcrm
771 665 813 716 ru
840 665 992 716 unauna
1015 664 1304 717 neosrononuu.

298 805 457 933 [DEus
489 805 546 888 qui
585 825 646 867 uos
684 804 717 866 in
756 804 951 888 apostolicis
989 805 1107 905 tribuit
1138 805 1328 906 consistere
1363 802 1432 888 [iol.
1455 804 1507 886 63.

429 893 660 956 fundamentis
679 943 685 956 .
702 892 903 970 benedicere
939 912 1001 955 uos
1039 892 1198 974 dignetur
1236 892 1328 956 beati
1364 892 1509 974 apostoli

297 979 347 1042 sui
365 1028 371 1043 .
388 979 423 1042 ill
440 1027 449 1044 .
465 978 751 1043 intercedentibus
776 979 915 1043 meritis.
960 978 1079 1042 Amen.

342 1066 580 1148 Defendatque
604 1086 665 1130 uos
689 1067 854 1130 acunctis
874 1067 1024 1129 aduersis
1047 1066 1240 1147 apostolicis
1263 1065 1508 1150 presidiis.qui

296 1174 358 1301 pios
380 1153 468 1217 iliius
499 1154 605 1216 uoluit
630 1153 740 1216 ornari
765 1162 800 1216 et
831 1153 998 1217 munerari
1023 1153 1193 1235 exemplis
1219 1163 1253 1217 et
1283 1153 1507 1218 documentis.

334 1261 420 1410 'gio
442 1348 502 1409 per
520 1327 591 1390 eius
614 1327 887 1390 intercessionem
911 1327 1117 1408 perueniatis
1136 1329 1179 1390 ad
1199 1337 1356 1391 aeternae
1379 1327 1508 1408 patriae

296 1414 518 1563 Zereditatem
535 1463 542 1477 .
560 1434 618 1496 per
648 1414 742 1477 cuius
773 1414 963 1478 doctrinam
995 1414 1119 1479 tenetis
1154 1412 1233 1478 fidei
1268 1415 1513 1496 integritatem..

334 1523 442 1671 chdd
467 1588 538 1670 ipse
561 1598 709 1670 prestare
732 1589 897 1670 dignetur.

609 1895 653 1959 Iu
676 1908 830 1959 NATALE
856 1907 978 1958 uurus
1002 1908 1204 1960 unarvnrs.

359 2073 437 2137 Eati
462 2072 617 2153 martyris
640 2070 690 2132 sui
707 2119 714 2133 .
732 2070 783 2132 N.
796 2069 1054 2134 intercessione.
1068 2091 1128 2134 uos
1150 2070 1308 2134 dominus
1329 2070 1510 2138 benedicat

405 2171 439 2224 et
461 2159 505 2222 ab
528 2158 619 2222 omni
644 2157 735 2219 malo
758 2156 927 2219 defendat.
973 2157 1090 2221 Amen.

344 2246 521 2310 Extendat
551 2246 585 2308 in
621 2265 682 2308 uos
712 2244 891 2307 dexteram
922 2263 1003 2307 suae
1032 2244 1280 2328 propitiationis
1296 2294 1304 2308 .
1320 2245 1378 2327 qui
1408 2266 1508 2312 eurn.

298 2334 447 2416 suscepit
469 2351 530 2416 per
552 2331 716 2414 supplicia
739 2331 914 2412 passionis.
959 2332 1078 2395 Amen.

345 2421 442 2504 [Quo
465 2421 536 2483 eius
559 2418 706 2482 incaelo
729 2418 924 2480 mereamini
948 2417 1071 2481 habere
1094 2418 1322 2482 consortium.
1345 2414 1417 2504 [fol.
1434 2420 1509 2501 63v.

297 2509 393 2571 cuius
421 2506 552 2570 deuotis
572 2505 741 2568 mentibus
765 2505 798 2566 in
820 2515 909 2567 terra
930 2504 1106 2568 celebratis
1124 2505 1341 2588 triumphum.
1389 2505 1508 2572 Amen.

345 2593 446 2678 Quod
471 2595 542 2676 ipse
565 2601 715 2675 prestare
737 2591 902 2675 dignetur.

527 2878 573 2941 Iu
599 2890 753 2940 unrnnu
778 2888 1038 2941 Pcumuoaun
1063 2888 1289 2941 nnnrvnuu.

362 3049 527 3114 Enedicat
564 3068 625 3110 uos
663 3045 878 3128 omnipotens
916 3045 1073 3108 dominus
1106 3045 1282 3110 beatorum
1321 3058 1507 3132 martyrum

405 3154 560 3200 suorum.
574 3131 802 3215 N.suffragiis
825 3140 859 3195 et
883 3132 1000 3195 liberet
1022 3131 1066 3194 ab
1088 3133 1348 3198 aduersitatibus
1369 3138 1508 3203 cunctis

299 3225 417 3289 Amen.

345 3309 570 3377 Commendet
608 3327 669 3370 uos
707 3326 822 3370 eorum
867 3306 1061 3369 intercessio
1098 3305 1269 3388 gloriosa.
1292 3329 1434 3391 quorum
1473 3313 1507 3376 in

301 3406 483 3480 conspectu
507 3395 578 3457 eius
601 3404 653 3457 est
677 3414 768 3457 mors
792 3394 948 3475 pretiosa
993 3393 1113 3457 Arnen.

345 3483 390 3546 Et
414 3486 501 3545 sicut
523 3481 571 3544 illi
594 3501 654 3562 per
676 3481 809 3543 diuersa
831 3490 1077 3544 tormentorum
1096 3501 1221 3564 genera
1240 3482 1393 3548 caelestis
1413 3488 1507 3568 regni

296 3581 378 3634 sunt
408 3567 516 3631 sortiti
547 3567 767 3631 hereditatem
785 3616 792 3631 .
809 3568 858 3630 ita
889 3586 950 3629 uos
981 3587 1096 3631 eorum
1137 3570 1332 3633 mereamini
1368 3591 1504 3637 consor·

299 3658 384 3721 tium
402 3705 408 3719 .
426 3675 485 3738 per
507 3654 674 3717 bonorum
698 3674 837 3736 operum
862 3653 1117 3717 exhibitionem.
1162 3654 1281 3721 Amen.

344 3743 445 3826 Quod
470 3740 541 3823 ipse
565 3749 714 3823 prestare
737 3740 903 3823 dignetur.

581 3999 625 4063 Iu
652 4013 806 4065 urrann
830 4014 949 4067 umus
973 4015 1231 4069 courassoms.

16 4216 18 4235 ,
114 4160 118 4177 ‘
206 4232 209 4238 ,
300 4163 564 4299 OMnipotens
587 4162 744 4265 dominus
764 4162 822 4263 det
838 4163 934 4265 uobis
950 4164 1123 4247 copiosam
1144 4166 1506 4253 benedictionem.qui

413 4250 792 4314 beatum.N.adscru1t
823 4252 887 4314 s1b1
912 4248 1057 4332 luirtute
1083 4252 1312 4322 consessionis.
1358 4252 1431 4341 [sol.
1453 4260 1506 4339 64.

298 4343 331 4406 Α
338 4358 469 4507 'giloni
493 4423 587 4486 illum
610 4422 690 4487 fecit
704 4443 881 4488 coruscare
899 4425 1067 4491 miraculis
1080 4474 1088 4490 .
1101 4447 1162 4491 uos
1178 4438 1321 4494 exornet
1341 4429 1505 4497 bonomm

296 4532 439 4600 operum
464 4511 689 4575 incrementis,
732 4511 850 4575 Amen.
