3375 5250
594 414 913 467 BENEDICTIONES
931 413 1191 463 EPISCOPALES.

503 607 739 670 BENEDICTIO
762 615 974 669 COTIDIANA
996 616 1049 665 AD
1073 614 1270 666 UESPERAS.

287 754 384 879 AD
412 750 668 817 custodiendum
695 767 831 831 gregem
856 746 947 809 hunc
971 745 1158 808 animarum
1185 754 1301 828 pastor
1326 745 1413 807 bone
1438 744 1495 825 qui

393 840 539 905 dormire
562 836 669 901 nescis
693 834 841 918 inuigila.
885 833 1003 896 Amen.

331 930 377 993 Et
407 948 450 990 ne
481 923 651 989 nocturnis
684 917 888 987 terroribus¹
917 919 1123 1002 fatigentur.
1139 916 1275 983 celestia
1306 938 1406 1001 super
1436 938 1494 981 eos

287 1019 479 1082 uelamenta
501 1012 671 1097 pretende.
715 1008 831 1073 Amen.

332 1102 520 1167 Humiliata
549 1098 611 1163 tibi
638 1097 788 1161 omnium
816 1094 929 1177 capita
944 1141 952 1156 .
967 1093 1110 1157 dextera
1140 1101 1218 1156 tuae
1248 1092 1494 1157 benedictionis

288 1188 466 1255 sanctifica.
511 1187 627 1251 Amen.

330 1278 407 1363 lllle
431 1274 492 1339 uds
518 1273 695 1337 benedicat
720 1270 763 1333 de
788 1268 912 1332 caelis,
930 1267 987 1349 qui
1011 1287 1072 1349 per
1095 1286 1227 1331 crucem
1253 1287 1327 1349 pas·
1354 1264 1423 1349 [fol.
1444 1281 1495 1347 70.

286 1366 388 1429 sionis
414 1382 495 1427 suae
522 1381 582 1424 uos
613 1357 753 1423 redemit
787 1357 819 1417 in
851 1357 971 1419 terris.
988 1354 1082 1417 cuius
1111 1353 1219 1417 honor
1252 1364 1286 1418 et
1316 1354 1493 1436 imperium

287 1459 461 1535 permanet
484 1450 517 1511 in
542 1446 675 1511 saecula
697 1444 917 1507 saeculorum.
965 1441 1082 1505 Amen.

453 1675 691 1739 Bauamcrm
715 1688 927 1740 corromna
949 1686 1002 1736 no
1025 1686 1335 1739 COMPLETORIUM.

295 1824 476 1951 INmittat
513 1824 547 1885 in
585 1842 646 1885 uos
683 1822 840 1886 dominus
878 1822 1025 1903 quietem
1059 1822 1165 1887 sancti
1195 1825 1397 1904 soporis.et
1423 1846 1497 1889 cus-

370 1911 479 1974 todiat
501 1930 563 1973 uos
585 1910 629 1973 ab
650 1909 815 1973 inlusione
837 1909 1023 1972 diabolicae
1041 1908 1175 1975 fraudis.
1220 1911 1335 1975 Amen.

331 1998 499 2081 Quatinus
529 1998 576 2060 sic
606 1997 816 2079 quiescentes
847 2015 946 2059 carne
975 1996 1173 2062 dormiatis.
1190 2009 1228 2062 ut
1253 2000 1407 2062 cordibus
1432 2001 1497 2063 deo

288 2086 390 2167 digne
412 2083 551 2165 uigilare
574 2084 713 2165 queatis.
759 2083 877 2145 Amen.

331 2174 475 2236 Etcum
499 2170 595 2234 uobis
626 2168 759 2233 affuerit
789 2170 872 2233 hora
902 2169 946 2232 de
970 2188 1090 2234 somno
1117 2191 1277 2252 surgere.
1294 2173 1409 2237 diuina
1436 2193 1496 2237 uos

289 2259 423 2341 possitis
448 2258 572 2321 uirtute
595 2260 795 2340 precingere.
840 2256 961 2320 Amen.

333 2345 435 2427 Quod
458 2346 529 2427 ipse
552 2354 700 2427 prestare
722 2344 888 2425 dignetur.

408 2568 648 2632 BENEDICTIO
672 2578 791 2631 SUPER
815 2577 945 2628 REGEM
970 2577 1011 2628 IN
1036 2578 1214 2630 TEMPORE
1237 2580 1380 2632 SINODI.

353 2714 519 2777 Enedicat
551 2713 611 2776 tibi
642 2713 799 2776 dominus
829 2731 1028 2793 semperque
1057 2721 1091 2775 te
1121 2712 1276 2776 omnibus
1307 2715 1498 2778 custodiat.

395 2810 430 2863 et
467 2801 552 2863 sicut
590 2797 624 2862 te
662 2799 767 2862 uoluit
810 2818 911 2880 super
950 2798 1113 2880 populum
1156 2819 1253 2862 suum
1297 2801 1501 2867 constituere

291 2908 404 2970 regem
423 2935 431 2952 .
449 2888 497 2950 ita
521 2895 555 2950 et
582 2888 616 2949 in
644 2886 789 2968 presenti
816 2883 943 2968 secuslo
966 2885 1120 2949 felicem.
1137 2897 1172 2950 et
1197 2896 1302 2951 aeter·
1330 2887 1399 2972 [fol.
1424 2904 1497 2970 7ov.

292 2997 356 3039 nae
380 2973 548 3038 felicitatis
570 2973 697 3037 tribuat
716 2991 789 3035 esse
811 2981 1011 3035 consortem.
1055 2972 1172 3037 Amen.

338 3061 471 3127 Clerum
494 3061 534 3123 ac
556 3060 717 3143 populum
741 3079 841 3141 quem
864 3078 925 3121 sua
948 3059 1055 3122 uoluit
1077 3060 1298 3143 opitulatione
1321 3072 1379 3126 tua
1404 3084 1500 3128 sanc-

294 3151 385 3215 tione
408 3149 626 3230 congregari.
644 3167 704 3209 sua
727 3147 978 3228 dispensatione
994 3155 1028 3209 et
1051 3156 1109 3209 tua
1132 3149 1422 3214 administratione
1440 3173 1500 3234 per

293 3239 449 3301 diuturna
473 3246 626 3317 tempora
648 3235 748 3298 faciat
771 3232 912 3297 feliciter
933 3233 1122 3315 gubernari.
1166 3235 1283 3300 Amen.

338 3324 504 3406 Quatinus
534 3321 656 3386 diuinis
688 3320 823 3384 monitis
861 3322 1311 3402 parentes.aduersitatibus
1342 3323 1499 3388 omnibus

293 3419 445 3474 carentes
462 3458 471 3474 .
488 3408 585 3472 bonis
622 3409 779 3471 omnibus
817 3409 1069 3471 exuberantes.
1091 3419 1150 3473 tuo
1184 3411 1369 3474 ministerio
1407 3411 1498 3475 fideli

294 3518 407 3561 amore
430 3495 672 3577 obsequentes.
689 3505 723 3558 et
747 3495 779 3557 in
804 3495 951 3577 presenti
975 3494 1109 3558 saeculo
1136 3498 1228 3578 pacis
1255 3499 1497 3580 tranquillitate

293 3585 445 3648 fruantur
464 3631 471 3648 .
488 3593 522 3646 et
548 3593 656 3647 tecum
685 3590 895 3645 aeternorum
923 3581 1046 3645 ciuium
1072 3584 1239 3647 consortio
1265 3587 1365 3667 potiri
1395 3607 1500 3651 mere·

293 3679 400 3735 antur.
445 3670 563 3734 Amen.

338 3758 438 3841 Quod
462 3757 533 3839 ipse
556 3765 704 3839 prestare
727 3755 892 3837 dignetur.

515 3965 753 4030 Banaorcrro
777 3979 990 4031 conomius
1012 3980 1131 4032 sunan
1154 3981 1289 4034 annun.

302 4115 484 4241 BEnedic
508 4112 644 4176 domine
667 4113 756 4176 hunc
781 4112 1078 4177 clementissimum
1103 4134 1215 4197 regem
1240 4137 1317 4181 cum
1345 4121 1502 4186 uniuerso

400 4201 526 4285 populo
552 4220 614 4262 suo
631 4249 639 4264 .
656 4201 742 4263 sicut
766 4199 970 4263 benedixisti
997 4202 1157 4266 abraham
1185 4204 1219 4266 in
1244 4204 1371 4271 familia
1387 4258 1394 4271 .
1410 4208 1501 4273 isaac

295 4292 328 4353 in
353 4290 511 4352 uictima.
528 4286 625 4350 iacob
648 4287 681 4350 in
705 4307 838 4368 pascua.
883 4286 1001 4350 Amen.

339 4377 393 4439 Da
416 4378 446 4439 ei
466 4376 510 4439 de
534 4395 607 4438 rore
630 4375 712 4437 caeli
737 4373 1029 4438 benedictionem.
1046 4375 1089 4438 de
1112 4375 1332 4462 pinsguedine
1354 4381 1424 4465 [fol.
1448 4398 1499 4464 71.

658 4499 665 4528 ¹
684 4500 740 4550 The
752 4507 763 4549 t
774 4499 804 4549 of
813 4500 863 4550 this
875 4501 945 4550 word
957 4500 978 4550 is
990 4500 1133 4553 interlined.
