3375 5250
505 446 823 498 BENEDICTIONES
841 447 1100 499 EPISCOPALES.
1378 461 1411 510 49

245 606 334 670 Erue
358 627 415 670 eos
438 608 659 690 deprecamur
680 609 816 674 domine
840 610 923 674 deus
947 631 967 674 a
989 611 1106 676 fraude
1129 612 1409 695 malignantium.

199 713 284 774 quos
315 694 376 757 tibi
410 695 444 756 in
478 696 541 759 hac
574 696 629 758 die
666 698 872 780 resurgendo
911 707 1120 782 mortemque
1158 699 1408 782 triumphaliter

199 781 389 860 superando
435 781 610 864 adquisisti
628 831 635 848 .
653 793 755 866 atque
802 785 1060 849 misericorditer
1104 787 1225 868 largire
1270 787 1402 869 ingredi

199 867 316 931 ianuas
356 867 439 930 caeli
458 917 466 932 .
483 889 567 950 quos
613 870 783 934 redemisti
829 881 943 954 portas
986 871 1230 955 confringendo
1276 874 1406 937 inferni.

198 952 317 1020 Amen.

242 1041 342 1124 Quod
374 1044 445 1125 ipse
477 1053 622 1124 prestare
654 1043 801 1126 digneris
832 1046 889 1128 qui
920 1047 1065 1129 imperas
1099 1066 1220 1129 regnas
1257 1067 1297 1110 ac
1332 1047 1405 1110 sine

197 1125 263 1190 fine
286 1150 463 1211 permanes
488 1133 520 1193 in
545 1130 657 1196 secula
680 1132 880 1196 seculorum.

459 1342 714 1423 [Beuumcrro
738 1357 779 1407 1N
804 1356 981 1408 sucuuon
1004 1358 1127 1408 sunm.
1243 1344 1312 1428 [sol.
1329 1347 1404 1413 66v.

267 1478 338 1540 Eus
376 1479 573 1562 principium
612 1480 762 1543 omnium
801 1483 1126 1564 creaturarum.qui
1164 1485 1313 1546 secunda
1350 1488 1405 1549 die

309 1563 511 1630 firmamenti
542 1567 761 1630 stabilitatem
791 1567 1041 1650 diuisionesque
1071 1589 1235 1652 aquarum
1262 1571 1405 1636 mirabili

197 1649 375 1726 materiae†
403 1652 654 1718 formauit.uos
684 1653 818 1716 lubricis
847 1653 1004 1717 uitiorum
1032 1657 1199 1738 contagiis
1224 1667 1403 1722 exuat.ac

197 1737 321 1801 inuicta
351 1760 432 1802 suae
462 1741 623 1804 bonitatis
654 1740 838 1804 stabilitate
870 1741 973 1804 corda
997 1750 1110 1806 uestra
1133 1744 1318 1809 clementer
1342 1747 1404 1809 cir·

196 1826 340 1889 cumdet.
385 1827 503 1892 Amen.

241 1911 363 1992 Sicque
386 1916 533 1977 stadium
556 1935 617 1977 uos
636 1914 735 1977 huius
758 1914 902 1979 labentis
921 1915 991 1992 uite
1010 1936 1202 1998 percurrere
1221 1922 1402 1984 concedat.

196 2009 232 2061 ut
263 2019 330 2063 non
369 2000 504 2064 infectio
542 2001 719 2083 prauitatis
756 2003 877 2066 uestris
915 2003 1029 2065 iuncta
1066 2004 1112 2066 sit
1142 2005 1402 2086 operibus.sed

196 2086 311 2166 procul
342 2087 517 2169 aufugiant
560 2088 832 2152 machinamenta
870 2089 1082 2171 temptatoris
1120 2112 1140 2153 a
1178 2091 1274 2154 uobis
1291 2141 1298 2156 .
1315 2093 1403 2156 sicut

195 2192 303 2252 aquae
326 2186 405 2237 sunt
428 2176 556 2238 diuisae
576 2177 619 2238 ab
643 2176 748 2257 aquis.
793 2175 912 2240 Amen.

238 2257 297 2323 Ab
320 2262 476 2325 omnibus
500 2283 635 2345 quoque
658 2262 829 2344 originalis
854 2263 967 2326 delicti
992 2261 1133 2327 maculis
1154 2283 1216 2328 uos
1240 2265 1402 2329 innocuos

194 2346 375 2410 reddat.et
398 2367 474 2411 cum
494 2350 658 2413 tremendi
676 2350 841 2412 examinis
865 2360 970 2413 terror
993 2351 1250 2431 ingruerit.n0n
1272 2373 1402 2416 reorum

195 2434 335 2496 miseriis
353 2483 361 2498 .
379 2436 437 2497 sed
470 2438 620 2498 omnium
649 2437 809 2499 iustorum
841 2438 973 2517 gaudiis
1002 2457 1061 2499 uos
1089 2436 1298 2502 felicissimos
1323 2460 1403 2502 con-

194 2521 283 2583 cines
311 2522 466 2586 ascribat.
512 2523 630 2586 Amen.

238 2607 338 2691 Quod
362 2607 433 2691 ipse
457 2620 607 2691 prestare
631 2610 926 2692 dignetur.cuiuS.

485 2832 742 2916 sBauuurcrro
766 2846 808 2896 ru
832 2844 973 2895 Tenum
997 2845 1121 2898 ruam.
1266 2832 1334 2916 [fol.
1352 2834 1402 2914 67.

195 2975 460 3105 OMnipotens
491 2980 574 3041 deus
606 2998 714 3040 rerum
745 2976 897 3040 omnium
928 2974 1188 3057 formator.qui
1219 2976 1317 3038 tertia
1348 2978 1403 3040 die

305 3066 434 3127 telluris
458 3086 496 3128 ac
521 3065 621 3126 maris
645 3064 839 3127 uastitatem
864 3063 955 3125 uerbi
977 3062 1028 3124 sui
1051 3063 1203 3144 potentia
1224 3064 1342 3125 statuit
1363 3084 1403 3126 ac

192 3152 405 3215 locauit.det
427 3151 523 3215 uobis
545 3151 642 3215 huius
667 3151 783 3213 mundi
805 3151 993 3231 periculosa
1014 3150 1191 3212 deuincere
1208 3152 1401 3231 naufragia.

192 3246 294 3320 atque
321 3239 455 3301 hostilia
487 3259 547 3300 uos
579 3257 735 3318 superare
766 3236 867 3299 faciat
897 3244 1170 3317 temptamenta.
1188 3238 1244 3317 qui
1272 3240 1401 3299 tumida

193 3346 347 3408 premens
382 3327 482 3387 maris
514 3322 898 3406 fluctiuaga.calcabile
932 3326 1000 3385 suis
1038 3325 1139 3386 sacris
1162 3324 1313 3403 uestigiis
1338 3325 1402 3387 iter

191 3411 337 3477 firmauit
361 3411 571 3475 ineffabiliter
594 3432 654 3493 per
677 3430 829 3493 aequora.
876 3410 991 3473 Amen.

235 3499 363 3563 Arceat
393 3501 449 3569 in†
480 3499 576 3562 uobis
607 3518 715 3561 rerum
752 3497 936 3561 carnalium
966 3496 1217 3559 oblectamenta
1247 3497 1398 3563 inlicita.

192 3586 407 3669 inmittatque
439 3587 472 3648 in
504 3585 660 3649 cordibus
697 3586 816 3647 uestris
852 3584 1015 3646 bonarum
1051 3581 1205 3645 florentia
1238 3584 1398 3647 uirtutum

191 3674 415 3755 germina.ac
438 3673 560 3755 inriget
582 3672 745 3735 castitatis
770 3691 842 3733 rore
865 3669 1104 3747 sanctissimal.
1150 3670 1267 3733 Amen.

237 3760 298 3823 Ille
336 3779 470 3843 quoque
509 3781 569 3824 uos
607 3758 805 3821 fructificare
842 3758 1006 3821 concedat
1044 3759 1207 3820 uirtutum
1247 3757 1397 3820 omnium

191 3846 502 3929 incrementi3.qui
541 3858 645 3910 terras
679 3846 821 3910 uirentia
854 3849 1089 3925 gramina.ac
1121 3844 1254 3907 diuersa
1285 3844 1399 3907 secun-

191 3933 298 3997 datim
320 3936 471 4015 germina
494 3935 678 4016 producere
702 3933 804 3996 iussit.
851 3932 972 3996 Amen.

236 4020 337 4103 Quod
361 4022 433 4103 ipse
456 4029 613 4102 prestare.

383 4221 619 4284 BENEDICTIO
644 4232 686 4281 IN
710 4232 865 4295 QUARTA
889 4230 1003 4281 FERIA
1027 4230 1209 4282 DICENDA.

252 4352 416 4416 Enedicat
439 4362 472 4415 et
491 4352 668 4414 inluminet
689 4350 903 4431 omnipotens
924 4350 1006 4412 deus
1030 4348 1195 4411 mentium
1216 4358 1401 4413 uestrarum

294 4438 525 4525 [internaqui
548 4438 628 4501 solis
651 4438 961 4519 splendidissimum
987 4435 1082 4498 iubar
1106 4436 1217 4498 lucen·
1241 4434 1311 4517 [fol.
1327 4441 1399 4518 67v.

188 4534 326 4610 temque
353 4527 452 4589 lunae
477 4525 803 4608 pallorem.necnon
832 4522 996 4604 fulgentia
1022 4521 1193 4586 stellarum
1220 4524 1400 4588 curricula.

233 4626 390 4680 ROBERT.
1248 4624 1272 4673 E
