3375 5250
681 406 938 457 CONSECRATIO
960 407 1179 457 ECCLESIAE.

620 573 804 638 Benedictio
825 573 1066 638 eucharistialis
1087 575 1221 640 nasculi.

388 709 459 774 Eus
486 709 543 791 qui
574 729 668 772 sacra
698 709 861 791 scriptura
890 719 1039 773 testante
1069 710 1175 774 tribus
1205 709 1324 775 diebus
1356 720 1389 774 et
1420 708 1525 773 tribus

431 797 758 860 noctibus.seruata
792 796 985 878 integritate
1022 797 1208 862 diuinitatis
1234 807 1421 880 sponteque
1453 816 1526 878 per-

316 894 391 947 acta
434 883 571 947 humani
617 884 765 964 corporis
811 883 972 947 fractione
1017 884 1190 948 insinuans
1236 905 1390 948 casurum
1433 884 1523 966 quod

315 970 530 1054 corruptibile
557 980 608 1033 cst
635 979 669 1033 et
697 980 956 1033 resurrecturum
982 973 1072 1053 quod
1103 971 1252 1054 spiritale
1283 973 1316 1034 in
1347 971 1524 1054 sepulchro

316 1059 445 1122 iacuisti
462 1106 470 1121 .
487 1058 550 1121 hoc
593 1056 825 1120 eucharistiale
865 1077 1046 1139 quesumus
1081 1061 1172 1140 quod
1211 1079 1273 1122 nos
1311 1058 1441 1140 indigni
1480 1058 1522 1119 ad

316 1145 448 1227 mystici
472 1145 619 1225 corporis
642 1144 691 1207 tui
718 1143 908 1208 custodiam
936 1165 1171 1209 consecramus
1203 1157 1237 1210 et
1266 1145 1521 1209 benedicimus.

313 1242 349 1294 tu
377 1232 410 1294 in
442 1231 577 1294 nomine
608 1240 723 1308 sancte
754 1232 914 1294 trinitatis
945 1233 1103 1313 angelum
1136 1243 1231 1297 tuum
1261 1234 1435 1296 custodem
1464 1232 1521 1294 de-

315 1330 436 1402 putans
460 1338 653 1381 consecrare
677 1328 712 1381 et
737 1318 935 1381 benedicere
963 1317 1123 1403 [digneris
1140 1369 1147 1382 .
1164 1321 1320 1403 quatinus
1353 1316 1426 1406 [sol.
1454 1335 1523 1398 113.

313 1407 515 1487 quicumque
534 1426 578 1468 ex
602 1425 643 1468 eo
670 1406 704 1467 in
730 1406 928 1486 acceptione
951 1407 1099 1488 corporis
1122 1408 1171 1470 tui
1195 1408 1324 1470 uiarum
1350 1426 1522 1488 presump-

312 1495 417 1556 serint
462 1492 622 1556 uiaticum
668 1502 907 1575 paternarum.
925 1494 1039 1557 celesti
1085 1493 1139 1556 hic
1184 1503 1217 1557 et
1259 1495 1293 1556 in
1332 1493 1445 1557 futuro
1487 1502 1521 1556 te

313 1581 492 1643 miserante
515 1600 581 1643 non
607 1579 833 1642 destituantur
856 1580 986 1644 auxilio
1003 1627 1011 1643 .
1028 1600 1088 1663 per
1110 1580 1295 1646 dominum.

872 1794 964 1858 Alia.

314 1950 576 2080 OMnipotens
625 1947 880 2012 deus.trinitas
929 1947 1349 2029 inseparabilis.manibus
1400 1950 1522 2012 nostris

425 2057 525 2120 opem
555 2046 613 2113 tue
635 2036 881 2098 benedictionis
913 2035 1123 2099 inlunde.ut
1146 2056 1205 2117 per
1237 2047 1388 2100 nostram
1421 2036 1522 2098 bene·

310 2125 494 2188 dictionem
513 2125 577 2187 hoc
595 2122 770 2185 uasculum
787 2121 1032 2186 sanctificetur.
1046 2131 1080 2185 et
1102 2123 1249 2208 corporis
1265 2124 1378 2187 christi
1395 2143 1520 2186 nouum

309 2211 524 2295 sepulchrum
548 2210 684 2293 spiritus
708 2209 815 2272 sancti
838 2209 948 2291 gratia
971 2209 1253 2292 perficiatur.per
1276 2211 1431 2276 eundern.

731 2426 917 2490 Benedictio
939 2427 1107 2491 thnribnli.

318 2584 452 2712 DEus
482 2583 526 2647 ad
564 2581 658 2646 cuius
705 2578 921 2664 sepulchrum
968 2601 1044 2645 curn
1086 2581 1293 2646 aromatibus
1340 2582 1374 2645 in
1408 2585 1520 2667 specie

315 2741 318 2748 ¹
424 2680 614 2735 sanctarum
631 2669 820 2731 ammarum
845 2670 985 2732 uirtutes
1009 2678 1199 2732 sanctorum
1223 2690 1361 2752 operum
1385 2682 1519 2753 gestan-

312 2761 397 2823 tium
422 2756 571 2823 diluculo
598 2756 754 2819 mulieres
778 2756 911 2818 uenisse
934 2766 1230 2820 memorantur.et
1253 2758 1287 2820 in
1318 2758 1411 2822 cuius
1442 2780 1519 2822 con·

311 2859 429 2929 spectu
461 2844 600 2925 angelus
633 2862 771 2906 aureum
811 2842 940 2905 habens
974 2842 1158 2906 turibulum
1198 2846 1331 2908 stetisse
1366 2857 1400 2909 et
1430 2847 1519 2909 datis

310 2934 455 2997 incensis
499 2933 533 2993 in
575 2930 782 2993 orationibus
822 2939 1013 2993 sanctorum
1051 2932 1201 2993 omnium
1242 2941 1321 2995 ante
1359 2932 1517 2997 thronum

311 3021 440 3084 domini
465 3018 653 3082 adoleuisse
680 3017 795 3093 celesti
822 3017 952 3079 uisione
983 3017 1325 3098 diuulgatur.adesto
1352 3022 1517 3102 propitius

259 3144 261 3149 ·
311 3121 345 3173 et
371 3109 435 3170 hoc
458 3104 641 3170 turibulum
665 3104 778 3167 celesti
803 3103 1037 3167 benedictione
1062 3104 1295 3185 perfunde.ut
1317 3107 1518 3188 quicumque

310 3218 356 3259 ex
372 3216 412 3259 eo
429 3193 627 3258 timiamatis
651 3190 704 3254 uel
728 3190 836 3253 thuris
860 3190 1077 3270 fragrantiam
1100 3192 1269 3257 sentiant.
1285 3204 1345 3255 tua
1367 3194 1517 3257 donante

310 3286 465 3347 inmensa
495 3278 675 3343 clementia
706 3279 826 3341 odores
864 3278 1055 3341 orationum
1095 3290 1286 3342 sanctarum
1325 3290 1403 3344 ante
1440 3303 1519 3344 con-

309 3380 462 3453 spectum
479 3368 664 3430 maiestatis
689 3375 746 3442 tue
774 3385 833 3447 per
858 3386 976 3427 nranus
1001 3374 1193 3429 sanctorum
1217 3368 1375 3431 emittant
1402 3370 1515 3449 angel-

308 3477 404 3521 orum
429 3477 467 3519 ac
491 3453 683 3536 persoluant
699 3499 707 3515 .
723 3472 782 3534 per
804 3454 980 3515 dominum
1004 3463 1164 3517 nostrum.

569 3671 800 3753 lExn‘eisinus
823 3671 945 3734 incensi
963 3671 1034 3735 siue
1051 3672 1255 3737 timiamate‘s.
1337 3673 1406 3756 [fol.
1427 3692 1516 3757 113v.

317 3810 524 3939 EXorcizo
548 3818 583 3872 te
609 3808 719 3871 omnis
745 3807 1002 3870 inmundissime
1027 3808 1162 3889 spiritus
1189 3828 1288 3871 omne
1315 3808 1517 3890 phantasma

423 3897 547 3960 inimici
574 3896 607 3957 in
633 3896 770 3957 nomine
800 3896 855 3957 dei
879 3896 983 3976 patris
1006 3897 1247 3976 omnipotentis
1271 3904 1304 3959 et
1335 3894 1391 3958 in¹
1422 3898 1516 3963 ihesu

309 3984 423 4049 christi
451 3984 509 4045 filii
536 3984 606 4046 eius
638 3991 672 4045 et
692 3982 828 4063 spiritus
853 3982 1030 4044 sancti.ut
1061 3982 1191 4044 exeatis
1216 3992 1250 4046 et
1280 3985 1443 4048 recedatis
1473 3988 1518 4050 ab

309 4077 371 4136 hac
402 4070 513 4153 specie
547 4069 859 4133 timiamatis.siue
898 4069 1141 4132 incensi.cum
1182 4070 1272 4131 omni
1314 4070 1445 4135 fallacia
1476 4094 1516 4137 ac

310 4160 459 4242 nequitia
501 4166 687 4220 uestra.ut
725 4156 768 4218 sit
806 4155 869 4231 hec
908 4157 1036 4237 species
1078 4156 1285 4219 sanctificata
1316 4160 1349 4220 in
1381 4161 1517 4225 nomine
1609 4176 1611 4179 ’

311 4247 439 4310 domini
470 4245 575 4307 nostri
608 4243 701 4306 ihesu
745 4242 859 4305 christi
892 4252 929 4305 ut
972 4263 1089 4306 omnes
1126 4254 1298 4325 gestantes
1337 4255 1517 4328 tangentes

307 4336 489 4398 odorantes
510 4328 765 4405 ea†.uirtutem
782 4340 816 4392 et
832 4330 996 4393 auxilium
1018 4331 1205 4413 percipiant
1228 4332 1364 4413 spiritus
1387 4335 1516 4401 sancti.

684 4488 692 4515 ¹
712 4486 808 4551 Supply
820 4486 926 4547 rtomine,
940 4503 968 4536 or
980 4486 1043 4536 omit
1054 4487 1091 4536 in.
