3375 5250
667 407 883 460 ORATIONES
901 410 951 461 IN
966 412 988 460 S
991 412 1124 463 YNODO.

534 635 749 713 [Beni-:urcem
770 654 806 697 in
827 654 922 699 mssa
943 656 1006 701 sao
1027 638 1246 721 nuruucnrs.¹]
1283 624 1286 629 ¹

330 778 446 860 [ll]eus'
455 778 517 841 uita
530 779 698 841 uiuentium
708 778 795 862 ,fspes
809 780 1018 845 morientium.
1028 784 1153 863 impleat
1166 787 1198 846 in
1213 785 1302 847 bonis
1316 786 1500 849 desiderium

291 868 432 922 uestrum.
477 861 580 921 Amen.

332 939 545 1035 [lqumilitatis
573 953 670 1021 uestre
699 962 804 1023 preces
828 944 991 1009 exaudiat.
1006 958 1038 1008 et
1059 949 1142 1025 quod
1169 947 1221 1027 pie
1241 947 1329 1027 agitis
1345 996 1353 1011 .
1368 948 1499 1028 benigne

291 1024 625 1199 suiiiiiatquiAiiriiiie·
644 1104 778 1166 fidelium
813 1106 1026 1169 defunctorum
1056 1111 1234 1172 memoriam
1267 1109 1501 1173 misericorditer

287 1187 507 1264 frequentatis.
522 1205 593 1247 cum
616 1188 689 1265 ipsis
714 1188 754 1248 ad
781 1198 918 1265 eternam
945 1188 1182 1253 misericordiam
1211 1192 1307 1254 securi
1342 1192 1501 1270 peruenire

290 1264 418 1344 possitis
463 1268 566 1330 Aram.
1239 1280 1242 1285 '

335 1346 452 1429 [Q]uod
465 1346 531 1426 ipse
544 1358 684 1426 prestare.

584 1691 787 1774 [Oxarronss
815 1710 852 1753 ιιι
876 1710 1028 1756 rannone
1055 1695 1207 1778 srnon1.²]

297 1837 516 1965 lADsumus
550 1848 653 1899 sancte
688 1835 809 1917 spiritus
850 1840 995 1899 adsumus
1030 1840 1148 1917 peccati
1182 1841 1306 1935 quidem
1346 1840 1407 1923 [fol.
1434 1860 1468 1918 17
1471 1860 1503 1937 5.

424 1918 610 1981 immanitate
631 1918 831 1981 detenti.sed
856 1920 888 1979 in
912 1919 1036 1982 nomine
1060 1933 1113 1984 tuo
1135 1922 1304 1999 specialiter
1327 1936 1504 2003 aggregas.

297 2003 378 2066 Veni
398 2002 438 2063 ad
458 2018 516 2061 nos
536 2001 643 2061 adesto
664 1999 775 2061 nobis.
797 2010 828 2061 et
849 2000 972 2079 dignare
991 2001 1075 2063 illabi
1095 2004 1239 2065 cordibus
1262 2004 1380 2068 nostris

339 2089 426 2146 Doce
453 2101 510 2143 nos
538 2080 613 2160 quid
639 2101 762 2159 agamus
777 2125 785 2141 .
800 2100 862 2159 quo
889 2082 1059 2160 gradiamur
1080 2084 1209 2147 ostende
1223 2131 1232 2146 .
1246 2088 1321 2165 quid
1341 2084 1507 2147 efficiamur

300 2184 424 2245 operare
440 2210 448 2226 .
464 2165 539 2225 Esto
568 2164 650 2225 solus
678 2174 709 2224 et
737 2172 893 2241 suggestor
913 2174 945 2224 et
966 2164 1090 2225 effector
1109 2165 1288 2229 iudiciorum
1309 2177 1504 2230 nostrorum.

298 2248 350 2326 qui
371 2246 453 2310 solus
473 2263 542 2305 cum
563 2244 623 2306 deo
653 2255 738 2321 patre
765 2254 796 2304 et
822 2242 886 2304 eius
916 2242 979 2305 filio
1005 2264 1118 2308 nornen
1149 2247 1288 2326 possides
1315 2250 1507 2330 gloriosum.

300 2334 371 2392 Non
406 2346 462 2389 nos
496 2324 617 2404 patiaris
651 2326 873 2403 perturbatores
904 2344 971 2387 esse
997 2325 1154 2390 iusticiae.
1174 2328 1227 2407 qui
1261 2349 1380 2392 summe
1407 2328 1507 2407 diligis

297 2410 469 2489 equitatem.

342 2495 385 2552 Vt
419 2490 451 2549 in
478 2486 629 2549 sinistrum
651 2506 708 2549 nos
732 2506 795 2548 non
822 2486 992 2566 ignorantia
1015 2490 1114 2549 trahat
1129 2536 1137 2552 .
1151 2509 1214 2551 non
1237 2495 1324 2554 fauor
1347 2492 1506 2553 inflectat.

302 2592 364 2635 non
393 2567 530 2650 acceptio
557 2568 710 2633 muneris.
726 2570 775 2631 uel
798 2588 927 2649 persone
955 2581 1127 2650 corrumpat
1142 2618 1150 2634 .
1164 2572 1224 2634 Sed
1251 2572 1341 2653 iunge
1367 2592 1425 2635 nos
1449 2573 1506 2635 tibi

303 2654 464 2716 efficaciter
484 2651 576 2713 solius
596 2663 648 2731 tue
667 2650 779 2730 gratiae
800 2652 901 2714 dono.
918 2665 951 2712 ut
969 2653 1063 2714 simus
1082 2655 1115 2714 in
1135 2663 1166 2715 te
1186 2674 1279 2715 unum
1294 2702 1302 2718 .
1317 2666 1348 2716 et
1368 2654 1401 2716 in
1422 2657 1508 2716 nullo

302 2735 459 2797 deuiemus
487 2753 506 2793 a
532 2752 604 2795 uero
619 2780 627 2796 .
642 2732 770 2810 qualiter
795 2731 827 2792 in
856 2733 979 2794 nomine
1013 2744 1066 2796 tuo
1095 2735 1236 2798 collecti.
1253 2735 1296 2797 sic
1329 2736 1362 2797 in
1389 2736 1509 2798 cunctis

300 2828 456 2880 teneamus
474 2834 544 2874 cum
565 2814 771 2877 moderamine
789 2813 909 2893 pietatis
928 2814 1094 2876 iusticiam.
1107 2827 1141 2876 ut
1161 2828 1192 2878 et
1212 2817 1263 2878 hic
1282 2838 1302 2878 a
1319 2828 1351 2878 te
1371 2817 1402 2878 in
1423 2819 1509 2878 uullo

302 2897 459 2960 dissentiat
492 2895 642 2958 sententia
674 2907 776 2958 nostra
790 2941 798 2958 .
814 2907 845 2956 et
879 2895 910 2957 in
945 2899 1046 2958 futuro
1080 2917 1134 2974 pro
1164 2900 1243 2960 bene
1276 2899 1368 2977 gestis
1403 2917 1507 2960 conse-

302 2998 429 3056 quamur
449 2977 564 3057 premia
585 2979 776 3056 sempiterna.
817 2980 926 3040 Amen.

347 3058 485 3143 l[N]ulla
498 3057 621 3120 domine
639 3059 769 3136 humane
784 3056 969 3137 conscientie
983 3061 1077 3121 uirtus
1088 3107 1097 3121 .
1107 3080 1166 3138 que
1181 3062 1327 3122 inoffense
1343 3059 1405 3142 [fol
1420 3078 1507 3137 175v.

303 3143 399 3220 possit
425 3153 475 3220 tue
506 3139 669 3202 uoluntatis
701 3138 813 3200 iudicia
847 3142 988 3219 expedire
1003 3187 1011 3204 .
1025 3152 1057 3202 et
1090 3140 1162 3205 ideo
1196 3143 1280 3219 quod
1308 3141 1507 3221 inperfectum

304 3235 441 3286 nostrum
461 3221 601 3284 uiderunt
623 3221 704 3284 oculi
726 3219 792 3283 tui.
807 3221 985 3298 perfectioni
1009 3225 1122 3300 deputa
1149 3242 1312 3300 quesumus
1340 3243 1419 3302 quae
1442 3241 1509 3300 per·

303 3307 383 3367 secto
398 3302 536 3381 equitatis
551 3304 613 3365 fine
626 3303 806 3364 concludere
819 3303 1051 3380 preoptauimus

344 3389 390 3448 Te
417 3385 450 3446 in
473 3383 582 3448 nostris
611 3383 765 3463 principiis
793 3401 984 3447 occursorem
1012 3383 1186 3462 poscimus.
1201 3396 1232 3446 te
1257 3404 1378 3463 quoque
1392 3385 1433 3444 'in
1460 3383 1509 3444 his

304 3467 483 3529 iudiciomm
517 3477 687 3528 nostrorum
720 3465 892 3527 excessibus
926 3466 1100 3544 suppliciter
1133 3485 1291 3530 exoramus
1325 3464 1441 3528 scilicet
1473 3477 1508 3526 ut

306 3548 475 3628 ignorantie
503 3567 608 3626 parcas
629 3592 638 3609 .
660 3547 752 3609 errori
779 3547 964 3625 indulgeas.
987 3558 1020 3608 ut
1053 3548 1194 3625 perfectis
1228 3547 1308 3609 uotis
1341 3549 1507 3624 perfectam

304 3631 403 3709 operis
424 3628 583 3691 efficatiam
602 3628 750 3707 largiaris.
762 3639 792 3689 et
806 3629 878 3706 quia
890 3630 1076 3691 conscientia
1088 3629 1278 3691 remordente
1295 3628 1509 3690 tabescimus!

305 3731 345 3774 ne
378 3722 431 3773 aut
463 3709 632 3789 ignorantia
661 3729 718 3771 nos
752 3709 874 3771 traxerit
906 3708 937 3770 in
972 3730 1122 3772 errorem.
1139 3722 1191 3771 aut
1225 3728 1351 3788 preceps
1382 3710 1508 3771 forsitan

304 3795 445 3854 uoluntas
472 3792 624 3871 impulerit
650 3790 800 3852 iusticiam
831 3791 1005 3853 declinare.
1021 3793 1061 3852 ob
1089 3793 1148 3853 hoc
1175 3801 1206 3853 te
1237 3792 1389 3868 poscimus
1417 3800 1508 3868 atque

305 3883 504 3956 rogamus.ut
522 3874 547 3934 si
566 3873 641 3952 quid
659 3872 835 3936 offensionis
854 3873 886 3932 in
905 3874 964 3933 hac
982 3871 1104 3934 concilii
1120 3872 1294 3934 celebritate
1316 3870 1506 3932 attraximus.

304 3967 337 4017 ut
359 3956 391 4016 in
410 3974 447 4016 eo
469 3956 553 4033 quod
574 3954 697 4018 soluturi
721 3973 823 4015 sumus
848 3963 1039 4032 aggregatum
1059 3952 1219 4015 consilium
1235 3999 1242 4013 .
1256 3952 1386 4031 primum
1409 3953 1510 4015 absol-

304 4056 411 4098 uamur
423 4047 595 4099 nostrorum
608 4035 736 4098 nexibus
750 4035 928 4097 delictorum
938 4079 946 4096 .
955 4036 1095 4113 quatinus
1109 4045 1141 4095 et
1154 4045 1384 4113 transgressores
1398 4032 1509 4097 uenia.

302 4130 333 4181 et
354 4120 533 4181 confitentes
553 4117 609 4182 tibi
629 4119 828 4196 subsequatur
848 4118 1049 4180 remuneratio
1069 4115 1251 4194 sempiterna
1266 4162 1274 4179 .
1288 4134 1349 4195 per.

336 4298 344 4327 ¹
362 4295 425 4347 This
440 4296 601 4348 benediction
618 4311 699 4346 seems
715 4301 742 4354 to
756 4296 790 4346 be
802 4294 837 4359 by
849 4292 892 4343 the
904 4307 974 4342 same
989 4291 1058 4340 hand
1075 4306 1103 4340 as
1114 4289 1157 4340 the
1173 4290 1242 4340 main
1259 4288 1328 4354 body
1339 4289 1369 4339 of
1377 4289 1420 4340 the
1430 4289 1510 4340 book.

303 4364 360 4413 'l'he
370 4361 466 4413 initials
477 4362 596 4413 enclosed
608 4363 634 4413 in
645 4361 763 4412 brackets
774 4375 816 4410 are
828 4359 936 4410 omitted
947 4359 974 4407 iu
986 4357 1030 4407 the
1041 4356 1100 4407 MS.

334 4429 345 4458 ¹
361 4429 445 4478 These
461 4443 571 4494 prayers,
584 4428 634 4478 and
652 4427 695 4477 the
712 4425 874 4476 benedictina
890 4440 925 4474 un
936 4423 981 4473 tol.
997 4422 1067 4484 176v.
1081 4436 1123 4472 are
1140 4421 1175 4486 by
1186 4420 1229 4471 the
1242 4436 1312 4470 same
1329 4422 1398 4471 hand
1412 4437 1440 4470 as
1450 4419 1507 4471 foll.

303 4505 467 4557 172v.-174v.
503 4493 559 4544 The
570 4492 665 4544 initials
675 4492 702 4542 in
713 4491 830 4543 brackets
841 4506 884 4541 are
895 4488 1003 4540 omitted
1013 4487 1040 4537 in
1051 4486 1095 4537 the
1106 4487 1164 4538 MS.
