3375 5250
406 406 462 453 DE
483 407 615 456 SACRIS
636 408 847 459 ORDJNJBUS
866 410 1168 461 BENEDICENDIS.
1347 419 1393 473 125

182 566 238 631 die
263 589 302 631 ac
328 581 427 635 nocte
458 573 646 637 meditans.
664 575 754 655 quod
786 572 905 656 legerit
934 575 1048 640 credat
1064 624 1072 640 .
1089 575 1182 659 quod
1211 575 1390 639 crediderit

180 654 373 723 doceat.et
410 660 502 740 quod
539 661 692 724 docuerit
729 661 904 725 imitetur.
926 662 1114 726 iustitiam.
1135 664 1389 728 constantiam.

180 743 440 808 misericordiam
457 795 464 809 .
481 745 710 813 fortitudinem
736 748 769 810 in
795 768 831 811 se
859 749 1041 813 ostendat.
1059 752 1219 832 exemplo
1247 751 1389 830 probet.

179 832 423 895 ammonitione
449 833 647 898 confirmet.
665 844 703 899 ut
727 855 849 917 purum
871 833 988 917 latque
1011 835 1390 920 inmacula-[iol.144u

179 925 252 980 tum
269 918 443 983 ministerii
464 922 592 985 donum
613 924 805 986 custodiat.
822 932 857 986 et
880 942 941 1005 per
963 923 1162 1006 obsequium
1185 924 1292 1007 plebis
1313 934 1392 988 tuae

178 1023 316 1087 corpore
346 1016 380 1070 et
410 1008 573 1090 sanguine
604 1007 662 1071 filii
693 1010 741 1073 tui
773 1009 978 1073 inmaculata
1014 1011 1252 1075 benedictione
1282 1021 1390 1075 trans-

179 1091 340 1155 formetur
362 1092 406 1156 ad
430 1094 659 1159 inuiolabilem
680 1096 876 1160 caritatem.
890 1105 924 1160 et
947 1097 981 1159 in
1005 1098 1114 1161 uirum
1138 1097 1390 1180 perfectum.in

181 1198 371 1243 mensuram
399 1183 520 1245 aetatis
547 1182 765 1264 plenitudinis
790 1183 979 1248 christi.in
1003 1186 1058 1247 die
1089 1186 1168 1249 iusti
1201 1193 1235 1248 et
1265 1185 1392 1249 aeterni
1490 1197 1493 1203 '

178 1266 293 1329 iudicii
309 1269 514 1332 conscIentia
532 1290 636 1351 pura.
649 1270 716 1333 fide
736 1269 836 1351 plena
850 1320 856 1333 .
870 1271 989 1352 spiritu
1012 1281 1131 1336 sancto
1152 1271 1270 1354 plenus
1288 1292 1392 1355 appa-

182 1362 254 1416 reat
270 1363 304 1416 te
320 1354 484 1437 largiente
501 1407 506 1419 .
524 1358 582 1437 qui
599 1357 686 1419 uiuis
702 1366 736 1420 et
752 1377 881 1439 regnas.

200 1633 348 1697 INCIPIT
370 1647 585 1699 ORDINATIO
609 1648 775 1700 EPISCOPI
801 1683 809 1699 .
835 1634 1028 1699 SEPTIMUS
1052 1646 1202 1698 GRADUS
1226 1647 1377 1698 INCIPIT.

176 1771 429 1900 EPiscopuoe
459 1772 519 1855 qui
546 1771 749 1836 ordinandus
776 1781 848 1837 est.
864 1772 928 1835 duo
963 1772 1098 1855 episcopi
1122 1785 1185 1856 per
1210 1793 1329 1836 manus
1353 1772 1394 1837 a'e

294 1860 463 1923 secretario
496 1870 669 1941 antequam
711 1861 917 1942 euangelium
956 1861 1085 1941 legatur
1122 1858 1283 1923 deducant
1315 1869 1392 1924 ante

175 1947 303 2010 altare.
320 1956 352 2010 et
370 1967 402 2010 eo
417 1948 502 2011 inibi
519 1957 740 2030 prosternata.
751 1950 793 2011 ab
816 1948 1047 2028 archiepiscopo
1070 1948 1235 2011 inchoetur
1250 1947 1386 2011 letania.

175 2053 241 2113 qao
263 2033 369 2115 finita
405 2043 436 2097 et
458 2055 493 2098 eo
517 2045 614 2098 erecto
631 2043 777 2118 ponatur
800 2035 1006 2116 arcangelium
1031 2044 1127 2117 super
1149 2036 1296 2116 scapulas
1318 2035 1389 2098 eius

175 2128 209 2181 et
228 2120 289 2183 lias
310 2119 422 2185 dicant
443 2122 575 2203 episcopi
597 2133 693 2204 saper
719 2122 827 2205 ipsum
854 2122 1024 2185 orationes.

249 2344 376 2407 Remus
407 2343 616 2409 dilectissimi
646 2345 744 2408 nobis
774 2353 811 2408 ut
841 2346 919 2409 huic
949 2346 1022 2410 uiro
1053 2344 1112 2410 ill.
1129 2345 1174 2409 ad
1204 2346 1384 2410 utilitatem

291 2431 449 2495 ecclesiae
480 2431 712 2518 prouehenldo
736 2432 927 2514 benignitas
954 2431 1197 2515 omnipotentis
1232 2433 1301 2516 [fol.
1316 2448 1386 2515 145.

176 2517 231 2581 dei
258 2520 387 2600 gratiae
412 2539 492 2583 suae
517 2520 644 2584 tribuat
671 2519 887 2601 largitatem.
905 2539 975 2602 per.

737 2733 828 2796 Alia.

177 2869 349 2994 ADesto
369 2867 680 2969 ‘supplicationibus
711 2869 835 2932 nostris
865 2869 1080 2970 omnipotens
1093 2870 1187 2970 'deus
1202 2919 1209 2934 .
1225 2880 1264 2935 ut
1277 2872 1385 2971 ‚quod

284 2954 484 3018 humilitatis
504 2967 639 3019 nostrae
659 2957 844 3038 gerendum
867 2965 919 3020 est
937 2957 1123 3021 ministerio
1135 3005 1144 3022 .
1156 2967 1234 3022 tuae
1252 2960 1385 3024 uirtutis

177 3042 357 3122 impleatur
381 3040 503 3106 effectu
519 3089 526 3107 .
542 3063 608 3125 per.

726 3216 819 3284 Alia.

182 3355 414 3482 PRopitiare
430 3355 567 3418 domine
583 3355 885 3437 supplicationibus
904 3355 1026 3420 nostris
1047 3365 1081 3419 et
1102 3356 1262 3420 inclinato
1285 3380 1386 3442 super

282 3444 369 3506 hunc
392 3442 556 3506 famulum
580 3449 676 3505 tuum
700 3441 868 3505 ill.cornu
892 3443 1022 3524 gratiae
1045 3444 1262 3508 sacerdotalis
1285 3447 1385 3510 bene·
1408 3461 1410 3463 ·

176 3531 333 3595 dictionis
356 3539 436 3593 tuae
462 3529 497 3591 in
525 3549 602 3591 eum
630 3528 765 3592 effunde
792 3530 951 3594 uirtutem
967 3579 975 3594 .
991 3550 1051 3612 per
1076 3531 1260 3596 dominum.

221 3729 319 3792 Solus
347 3747 422 3790 aero
451 3727 700 3809 archiepiscopus
733 3725 818 3789 hanc
854 3724 944 3788 dicat
976 3726 1241 3791 consecrationem
1276 3731 1388 3794 ceteris

175 3815 402 3879 adstantibus.
418 3823 450 3876 et
482 3813 605 3876 duobus
636 3813 784 3894 episcopis
817 3813 1026 3895 euangelium
1063 3824 1158 3895 super
1194 3815 1300 3896 ipsum
1330 3838 1387 3898 quc

177 3900 380 3966 ordinandus
405 3911 453 3964 est
478 3900 663 3964 tenentibus.

247 4045 318 4109 Eus
354 4045 518 4107 honorum
556 4045 707 4107 omniurn
723 4089 730 4106 .
748 4042 830 4105 deus
866 4044 1018 4107 omniurn
1050 4044 1280 4126 dignitatum.
1298 4068 1384 4130 quae

290 4131 416 4214 gloriae
430 4141 509 4194 tuae
524 4132 625 4194 sacris
641 4129 847 4195 famulantur
862 4131 1054 4195 ordinibus,
1068 4132 1161 4195 Deus
1173 4135 1231 4214 qui
1244 4154 1382 4217 moysen

178 4219 341 4284 famulum
361 4227 457 4282 tuum
476 4219 594 4281 secreti
615 4217 787 4281 familiaris
809 4214 954 4281 affectu1
969 4265 977 4281 .
995 4220 1081 4281 inter
1101 4228 1212 4282 cetera
1230 4222 1383 4286 caelestis

178 4308 381 4371 documenta
404 4304 551 4369 culturae
568 4353 576 4370 .
592 4306 635 4368 de
656 4305 776 4369 habitu
797 4323 932 4387 quoque
955 4306 1144 4370 indumenti
1166 4309 1383 4373 sacerdotalis

177 4395 356 4458 instituens
387 4389 545 4477 selectum
576 4413 679 4456 aaron
711 4393 855 4478 mystico
886 4392 1010 4457 amictu
1041 4393 1155 4456 uestiti
1198 4389 1381 4478 [fol.145v.

649 4518 657 4547 ¹
675 4519 780 4570 Altered
791 4526 819 4569 to
829 4519 919 4583 affatu.
