3375 5250
578 437 895 488 BENEDICTIONES
914 436 1175 488 EPISCOMLES.

419 650 823 717 D0u1u1cri1111.1>osr
847 646 1020 713 Ocrrms
1044 647 1328 712 Puurncosrnu.

341 801 485 864 Mundet
508 800 665 864 dominus
692 800 915 865 conscientias
937 809 1065 864 uestras
1089 799 1134 863 ab
1163 798 1255 863 omni
1278 798 1430 864 malitia.
1446 807 1481 861 et

383 886 512 970 repleat
537 886 801 952 sanctificatione
827 896 996 970 perpetua
1041 886 1160 951 Amen.

314 973 408 1039 Uota
444 984 555 1038 uestra
591 975 773 1039 clementer
809 975 985 1038 intendat.
1003 984 1037 1039 et
1073 983 1213 1056 peccata
1250 973 1365 1037 omnia
1401 991 1477 1055 pro·

270 1059 410 1143 pitiatus
431 1060 613 1144 indulgeat.
658 1061 777 1124 Amen.

314 1147 411 1232 Quae
448 1148 503 1231 pie
540 1149 666 1231 optatis
701 1149 879 1214 miseratus
908 1148 1092 1212 attribuat.
1108 1157 1143 1211 et
1172 1167 1260 1231 quae
1297 1146 1478 1231 pauescitis

269 1234 344 1317 pius
367 1246 596 1318 propugnator
619 1235 733 1317 procul
753 1236 901 1318 repellat
947 1236 1066 1301 Amen.

314 1321 416 1406 Quod
440 1322 513 1406 ipse
536 1332 684 1404 prestare
707 1323 873 1406 dignetur.

529 1601 728 1665 D0M1u1cn
752 1613 785 1663 v,
809 1614 900 1665 posr
924 1598 1221 1666 Pnurncosrru}

270 1761 535 1890 OMnipotens
551 1762 708 1827 dominus
723 1784 783 1828 sua
799 1785 861 1828 uos
882 1764 1061 1829 clementia
1081 1764 1279 1828 benedicat.
1291 1771 1325 1828 et
1339 1782 1474 1827 sensum

380 1851 414 1912 in
441 1851 537 1914 uobis
559 1851 744 1932 sapientiae
767 1850 922 1916 salutaris
949 1851 1112 1916 infundat
1154 1851 1273 1916 Amen.

312 1935 506 2001 Catholicae
552 1937 629 2002 fidei
668 1957 729 2001 nos
766 1938 980 2002 documentis
1019 1939 1187 2003 enutriat.
1204 1947 1239 2002 et
1275 1936 1309 2000 in
1350 1938 1473 2001 sanctis

266 2023 422 2106 operibus
445 2023 708 2106 perseuerabiles
731 2025 859 2090 reddat.
904 2027 1026 2091 Amen.

311 2109 472 2195 [Gressus
492 2121 622 2175 uestros
645 2112 689 2175 ab
708 2132 817 2176 errore
840 2123 1079 2179 conuertat.et
1097 2116 1187 2178 uiam
1210 2112 1307 2178 uobis
1338 2111 1410 2195 [fol.
1425 2128 1475 2194 33.

266 2206 300 2261 et
324 2198 415 2280 pacis
440 2208 474 2262 et
496 2199 645 2262 caritatis
668 2202 836 2264 ostendat.
880 2199 997 2264 Amen.

310 2284 412 2369 Quod
436 2286 506 2368 ipse
529 2294 678 2368 prestare
701 2287 984 2368 dignetur.cuius
1000 2308 1148 2372 regnum.

527 2550 726 2624 Doururca
749 2561 795 2613 vt
820 2562 912 2614 Posr
936 2548 1221 2613 Pnurecosrnu.

330 2710 472 2775 Moueat
509 2730 529 2771 a
559 2708 655 2771 uobis
693 2709 851 2773 dominus
889 2710 993 2773 totius
1033 2709 1181 2773 maculas
1218 2710 1423 2775 simultatis.
1440 2719 1476 2776 et

378 2797 506 2861 imbuet
531 2816 591 2859 uos
617 2795 807 2859 muneribus
832 2816 936 2879 purae
961 2796 1158 2861 dilectionis.
1203 2796 1323 2862 Amen.

314 2884 479 2967 Subiuget
502 2884 535 2945 in
559 2882 656 2945 uobis
672 2882 925 2948 reluctationem
941 2884 1049 2947 carnis
1065 2893 1099 2947 et
1119 2884 1291 2967 sanguinis
1302 2934 1310 2951 .
1321 2895 1355 2950 et
1373 2907 1474 2969 opem

268 2971 419 3035 conserat
443 2980 625 3052 perpetuae
648 2970 823 3034 castitatis.
867 2970 987 3035 Amen.

313 3059 421 3140 quue
437 3078 498 3120 uos
513 3058 547 3120 in
563 3057 709 3138 presenti
725 3057 838 3121 seculo
858 3058 997 3140 diligere
1021 3058 1122 3123 iaciat
1138 3108 1145 3122 .
1162 3059 1254 3142 quod
1277 3080 1297 3123 a
1320 3059 1475 3125 caelestis

268 3144 426 3229 paradysi
450 3144 636 3208 hereditate
660 3163 726 3207 non
750 3144 890 3209 diuidat.
936 3145 1055 3209 Amen.

313 3232 415 3317 Quod
439 3230 512 3314 ipse
535 3240 684 3315 prestare
706 3232 875 3314 dignetur.

520 3473 719 3535 DOMINICA
742 3485 801 3535 vn.
825 3485 916 3537 eosr
940 3472 1227 3538 Panrucosruu.

278 3629 447 3760 INclinet
469 3628 625 3691 dominus
646 3645 760 3689 aurem
784 3645 879 3688 suam
896 3626 939 3689 ad
963 3645 1079 3707 preces
1094 3634 1229 3689 nostrae
1251 3624 1472 3689 humilitatis.

354 3726 389 3781 et
425 3717 482 3778 det
518 3713 613 3776 uobis
644 3712 788 3791 gratiam
829 3732 910 3776 suae
952 3712 1194 3776 benedictionis
1229 3723 1263 3775 et
1307 3714 1473 3796 premium

270 3804 493 3886 sempiternae
515 3800 642 3864 salutis.
686 3799 806 3865 Amen.

316 3892 457 3973 Semper
486 3898 520 3951 et
556 3887 679 3969 ubique
717 3888 892 3951 dominum
926 3887 1109 3970 propitium
1148 3887 1301 3951 habeatis
1315 3936 1323 3951 .
1339 3895 1373 3950 et
1403 3888 1474 3950 eius

272 3978 427 4042 laudibus
451 3975 619 4038 exultetis.
666 3973 812 4056 [limem]

316 4063 497 4146 [Omnium
521 4070 734 4143 peccatorum
765 4064 973 4141 nostrorum†
999 4062 1132 4126 uincula
1157 4061 1288 4127 soluat.
1314 4061 1383 4145 [sol.
1402 4078 1474 4141 33v.

271 4162 305 4217 et
329 4152 372 4215 ad
396 4150 536 4233 gloriam
559 4150 797 4233 sempiternam
821 4151 992 4232 peruenire
1015 4150 1094 4227 ποετ
1117 4149 1225 4214 faciat.
1269 4149 1407 4217 Amen..

315 4238 416 4322 Quod
439 4238 510 4320 ipse
534 4248 689 4319 prestare.

305 4410 313 4438 ¹
331 4409 362 4458 In
374 4407 424 4459 this
435 4407 486 4458 and
498 4407 541 4457 the
552 4406 684 4469 following
695 4407 817 4472 headings
829 4407 859 4457 os
868 4406 910 4458 the
922 4406 1056 4458 Pentecost
1067 4406 1242 4458 benedictions
1257 4408 1300 4457 the
1318 4408 1431 4457 mention
1448 4405 1478 4453 of

269 4476 313 4553 tbe
324 4482 412 4590 octfapff
423 4472 573 4589 ἰὶἕοῖἰῐῑεά.
610 4472 633 4522 It
644 4488 750 4537 appears
761 4473 787 4522 in
799 4472 843 4524 the
855 4473 1052 4539 corresponding
1063 4474 1131 4525 titles
1141 4473 1169 4524 in
1181 4474 1223 4524 the
1235 4473 1276 4523 list
1287 4481 1313 4523 at
1329 4474 1372 4523 the
1387 4472 1475 4535 begin-

270 4556 359 4605 nmgo
409 4554 424 4589 e
504 4573 511 4588 .
