3375 5250
574 384 892 434 BENEBICTIONES
911 384 1170 434 EPISCOPALES.

313 923 569 1008 ![O]mnipotens¹
592 929 666 988 deus
694 927 746 1004 qui
770 929 955 1005 unigenitum
978 929 1071 988 filium
1095 949 1181 988 snum
1205 928 1285 988 misit
1313 930 1344 988 in
1365 927 1427 1010 [fol.
1451 947 1478 1005 7.

271 1009 355 1068 terris
369 1009 399 1068 in
421 1009 644 1070 similitudinem
665 1009 760 1069 carnis
781 1012 897 1086 peceati
912 1055 919 1070 .
934 1011 998 1086 ipse
1018 1030 1074 1070 uos
1087 1012 1224 1070 absoluat
1243 1012 1282 1070 ab
1303 1013 1386 1070 omni
1406 1031 1479 1070 con·

272 1090 392 1168 tagione
413 1091 522 1151 delicti.
562 1093 665 1152 Amen.

314 1174 354 1231 Et
374 1171 511 1248 quicum
531 1172 761 1247 patriarcharum
778 1173 940 1250 presagiis.
957 1175 1167 1248 prophetarum
1187 1174 1312 1232 oraculis
1327 1173 1481 1250 ,angelica

272 1253 474 1313 allocutione.
491 1251 579 1313 fecit¹
602 1254 777 1329 predicere³
793 1299 800 1314 .
815 1274 870 1314 uos
895 1254 958 1313 eius
978 1255 1164 1313 natiuitatem
1179 1274 1311 1332 congruo
1325 1255 1480 1331 preuenire

273 1337 388 1394 honore
409 1344 438 1394 et
459 1336 629 1395 uenientem
650 1335 740 1412 digna
754 1335 867 1394 saciat²
887 1336 1037 1395 celebrare
1057 1337 1227 1396 deuotione.
1269 1338 1373 1396 Amen.

314 1416 423 1492 Sicque
457 1435 525 1476 eum
555 1417 593 1475 ab
630 1417 713 1476 ornni
745 1418 833 1476 sorde
868 1417 1004 1476 inmunes
1039 1417 1204 1492 suscipiatis
1219 1465 1226 1478 .
1242 1428 1275 1477 ut
1309 1417 1479 1477 uenientem

273 1495 403 1556 iudicem
424 1498 518 1556 securi
539 1498 674 1558 uideatis.
718 1499 822 1558 Amen.

316 1579 407 1654 Quod
428 1578 502 1654 ipse.

316 1732 447 1817 [D]eus¹
462 1737 513 1814 qui
533 1739 613 1796 hunc
633 1735 728 1796 diem*
742 1736 887 1795 incarnati
908 1736 992 1795 uerbi
1012 1737 1079 1796 luce
1093 1736 1164 1795 fecit
1178 1738 1387 1812 splendescere
1403 1782 1409 1796 .
1425 1755 1479 1794 uos

273 1819 380 1895 fugatis
401 1819 531 1878 tenebris
551 1817 692 1877 uirtutum
713 1820 779 1877 luce
799 1818 889 1877 saciat
909 1817 1033 1877 radiare.
1076 1817 1178 1878 Amen.

315 1899 434 1960 Oriatur
457 1901 488 1959 in
509 1899 596 1958 uobis
617 1918 704 1958 uerus
724 1901 770 1958 sol
790 1899 924 1958 iusticiae
940 1945 947 1959 .
962 1909 995 1958 nt
1014 1899 1055 1958 ad
1076 1899 1185 1976 gaudia
1204 1898 1382 1975 perueniatis
1399 1899 1481 1957 clari-

274 1979 342 2040 tatis
363 1989 473 2057 eterne.
514 1979 620 2040 Amen.

315 2061 474 2138 Dominice
504 2060 665 2120 natiuitatis
687 2061 864 2137 sollempnia
887 2061 930 2121 sic
950 2081 1049 2121 annua
1071 2061 1233 2122 deuotione
1257 2061 1412 2121 celebretis
1428 2105 1435 2120 .
1450 2072 1483 2118 ut

273 2143 314 2202 ad
334 2161 370 2202 ea
391 2162 449 2220 que
473 2161 534 2200 non
559 2152 627 2201 sunt
648 2160 746 2201 annua
770 2143 824 2202 sed
851 2143 992 2202 continua
1021 2143 1147 2202 feliciter
1171 2143 1326 2220 peruenire
1354 2141 1483 2218 possitis.

274 2224 376 2284 Amen.

316 2306 407 2381 Quod
428 2305 491 2381 ipse
513 2315 643 2381 prestare
664 2303 822 2382 dignetur.5

308 2571 392 2687 ἱξεὶὲε
402 2571 539 2687 ἱρίῑίαῐίἔῖ
546 2571 616 2622 these
626 2571 710 2622 words
721 2571 785 2621 have
796 2571 862 2622 been
878 2571 924 2622 lest
941 2572 979 2622 for
997 2572 1039 2621 the
1056 2572 1195 2622 rubricator
1212 2581 1238 2623 to
1256 2573 1340 2636 insert,
1354 2574 1404 2622 and
1421 2575 1486 2624 have

275 2647 321 2689 not
379 2654 396 2687 n
408 2646 485 2688 insert
519 2675 525 2687 .

308 2704 319 2733 ¹
336 2704 428 2752 Added
440 2704 466 2752 in
478 2702 583 2767 margin.
913 2705 924 2733 ³
943 2703 1054 2769 Perhaps
1064 2703 1102 2752 sor
1113 2703 1218 2769 predici,
1231 2720 1261 2753 or
1271 2703 1309 2754 sor
1319 2704 1450 2770 predicari.

308 2770 318 2797 ⁴
335 2768 429 2818 Added
438 2768 520 2819 above
531 2768 592 2819 line.
915 2771 925 2797 ⁶
942 2771 997 2819 The
1008 2785 1083 2819 verso
1093 2772 1122 2818 ol
1130 2769 1175 2819 fol.
1192 2784 1204 2831 7
1216 2770 1238 2819 is
1249 2769 1294 2820 lest
1306 2770 1393 2819 blank.
