3375 5250
522 445 843 496 BENEDICTIONES
863 446 1124 496 EPISCOPALES.
1297 471 1299 477 ·
1415 456 1430 508 7

414 727 672 812 [Bauuurcrro
696 739 738 790 m
763 725 1026 790 Tuaorrrnrrra
1051 722 1221 788 Cuarsm.
1258 719 1331 809 [fol.
1359 739 1429 786 rov.

223 865 357 990 DEus
394 864 509 928 lumen
540 885 656 928 uerum
695 863 752 946 qui
789 862 1001 944 unigenitum
1038 880 1137 924 suum
1175 860 1341 925 hodierna
1371 860 1426 924 die

330 950 429 1015 stella
458 952 544 1015 duce
572 951 730 1034 gentibus
760 950 868 1014 uoluit
894 949 1145 1013 reuelare.sua
1175 969 1237 1012 uos
1268 947 1426 1031 dignetur

215 1036 450 1103 benedictione
474 1039 592 1103 ditare.
639 1039 760 1102 Amen.

260 1123 338 1208 Quo
383 1127 542 1209 exemplo
582 1145 757 1207 magorum
800 1123 944 1206 mystica
985 1123 1126 1187 domino
1165 1122 1260 1186 ihesu
1302 1120 1426 1186 christo

216 1231 355 1276 munera
377 1213 565 1277 deferentes
581 1262 587 1277 .
605 1222 719 1296 spreto
741 1211 884 1294 antiquo
907 1211 1028 1273 hoste.
1045 1209 1235 1293 spretisque
1259 1210 1424 1291 contagiis

215 1299 372 1364 uitiomm
389 1348 396 1363 .
413 1300 457 1363 ad
481 1311 652 1364 aeternam
677 1300 822 1383 patriam
853 1299 961 1361 redire
988 1295 1130 1360 ualeatis
1158 1316 1218 1379 per
1241 1297 1331 1359 uiam
1360 1299 1425 1358 uir-

213 1393 335 1452 tutum.
380 1388 498 1452 Amen.

258 1472 394 1556 Detque
410 1475 506 1538 uobis
528 1493 642 1538 ueram
658 1473 822 1537 mentium
843 1471 1072 1536 Innocentiam
1088 1520 1095 1534 .
1112 1471 1169 1553 qui
1186 1491 1289 1553 super
1309 1470 1427 1554 unige-

215 1559 323 1624 nitum
361 1580 458 1624 suum
496 1563 651 1644 spiritum
685 1572 839 1626 sanctum
877 1558 1100 1624 demonstrari
1139 1558 1246 1622 uoluit
1276 1577 1336 1640 per
1370 1578 1424 1620 co-

214 1645 366 1711 lumbam
384 1699 390 1712 .
407 1669 513 1731 eaque
536 1651 660 1712 uirtute
683 1659 814 1712 mentes
830 1657 963 1711 uestrae
986 1655 1209 1709 exerceantur
1232 1645 1275 1709 ad
1300 1644 1426 1709 intelle·

214 1735 326 1815 genda
349 1736 483 1799 diuinae
502 1736 586 1818 legis
609 1735 777 1801 archana.
794 1736 912 1818 quain
931 1734 1042 1796 chana
1064 1732 1208 1816 galileae
1227 1731 1356 1815 limpha
1376 1742 1427 1795 est

214 1821 248 1882 in
273 1822 389 1885 uinum
414 1842 582 1886 conuersa.
628 1823 748 1887 Amen.

259 1907 360 1990 Quod
383 1910 454 1992 ipse
478 1921 626 1993 prestare
649 1911 813 1994 dignetur.

497 2206 698 2271 Domuum
722 2221 743 2271 1.
768 2219 861 2271 Posr
885 2205 1142 2272 ΕΡΙΡΗΑΝῙΑΜ.

220 2343 354 2469 DEus
377 2343 435 2425 qui
459 2342 517 2406 filii
541 2343 591 2406 sui
622 2342 842 2426 temporalem
875 2345 1052 2425 pueritiam
1084 2343 1162 2408 iecit
1188 2363 1262 2407 esse
1293 2344 1427 2409 mirabi-

327 2431 392 2493 lem
408 2479 415 2492 .
432 2431 550 2512 spiritu
575 2432 774 2514 prudentiae
802 2433 905 2495 corda
931 2444 1044 2496 uestra
1070 2431 1257 2517 illustrasre
1281 2430 1349 2516 [iol.
1378 2451 1427 2497 11.

214 2538 254 2580 ac
270 2517 389 2581 docere
406 2518 571 2601 dignetur.
616 2519 734 2582 Amen.

258 2605 392 2689 Quique
414 2605 509 2668 illum
531 2606 727 2688 parentibus
747 2607 979 2689 temporaliter
1001 2607 1100 2672 subdi
1124 2605 1255 2670 uoluit.
1273 2605 1346 2690 ipse
1365 2627 1427 2671 uos

213 2692 411 2757 humilitatis
430 2702 464 2756 et
491 2693 626 2775 pietatis
649 2697 842 2757 muneribus
867 2695 1065 2759 mirabiliter
1094 2694 1262 2758 informet.
1310 2695 1427 2759 Amen.

257 2779 303 2845 Et
330 2781 387 2862 qui
414 2800 490 2843 eum
518 2779 933 2864 sapientia.etatae¹.et
959 2784 1070 2867 gratia
1097 2780 1259 2864 proficere
1286 2781 1427 2846 tribuit.

214 2867 413 2949 spiritalium
441 2866 538 2931 uobis
573 2868 784 2951 profectuum
822 2871 1031 2935 incrementa
1061 2867 1226 2953 propitius
1258 2868 1427 2950 largiatur.

214 2956 330 3019 Amen.

257 3041 358 3124 Quod
383 3042 455 3125 ipse
478 3051 627 3124 prestare
650 3042 814 3125 dignetur.

603 3353 805 3420 Dommca
829 3357 1023 3423 Saeuum.

219 3493 355 3618 DEus
371 3492 428 3575 qui
451 3512 512 3556 sua
535 3492 678 3555 mirabili
702 3503 872 3575 potestate
887 3516 1011 3577 aquarn
1030 3494 1131 3560 uertit
1150 3495 1183 3558 in
1208 3495 1324 3558 uinum
1339 3542 1347 3559 .
1365 3513 1427 3558 uos

326 3599 347 3642 a
372 3589 541 3643 uetustate
567 3580 756 3644 subtractos
773 3583 828 3645 .in
860 3582 980 3646 beatae
1011 3583 1102 3646 uitae
1128 3581 1308 3647 transferat
1331 3581 1425 3645 noui-

211 3676 327 3731 tatem.
372 3668 489 3730 Amen.

258 3754 304 3818 Et
334 3755 393 3836 qui
423 3755 550 3835 nuptiis
584 3752 746 3818 interesse
785 3756 915 3821 uoluit.
933 3765 970 3821 ut
1001 3778 1115 3822 earum
1154 3777 1216 3821 sua
1253 3756 1423 3839 presentia

213 3842 447 3925 comprobaret
470 3842 619 3905 bonurn.
636 3840 707 3923 ipse
731 3843 828 3907 uobis
852 3845 1018 3909 castitatis
1039 3855 1073 3909 et
1089 3844 1282 3909 sobrietatis
1305 3863 1425 3926 perpe·

213 3938 292 3993 tuae
314 3928 465 3993 conferat
488 3931 623 3993 donum.
670 3929 790 3994 Amen.

259 4016 338 4097 lpse
377 4016 479 4079 etiam
511 4015 608 4081 uobis
649 4028 841 4081 sanctarum
878 4018 1117 4102 scripturarum
1156 4017 1424 4100 intellegentiam

211 4102 338 4167 tribuat
358 4103 542 4186 spiritalem
556 4152 563 4167 .
577 4099 634 4184 qui
650 4122 756 4185 aquas
771 4105 805 4168 in
827 4106 907 4169 uina
923 4108 1087 4171 uertendo
1110 4108 1173 4170 hoc
1193 4107 1302 4189 ipsum
1319 4103 1426 4168 uoluit

213 4191 394 4272 designare.
442 4190 558 4257 Amen.

258 4276 358 4359 Quod
381 4278 461 4361 ipse.
