3375 5250
382 443 438 490 DE
459 442 589 491 SACRIS
612 444 822 494 ORDINIBUS
841 444 1143 496 BENEDICENDIS.
1333 459 1378 514 115

549 681 613 745 Ad
631 682 765 745 barbam
789 681 992 747 tondendam.

168 831 304 956 DEus
350 836 444 898 cuius
489 836 607 918 spiritu
650 845 802 899 creatura
845 836 955 898 omnis
1001 835 1215 899 incrementis
1258 836 1376 901 adulta

276 922 490 1004 congaudet.
506 922 632 985 exaudi
655 943 768 1006 preces
792 932 924 986 nostras
947 919 1061 1006 lsuper
1081 923 1170 987 hunc
1194 924 1375 1007 [sol.133v

163 1006 326 1071 famulum
358 1020 454 1073 tuum
487 1009 640 1073 iuuenilis
672 1010 772 1073 etatis
804 1009 924 1072 decore
957 1008 1171 1075 laetantem
1193 1020 1227 1076 et
1260 1013 1375 1096 primis

164 1096 319 1178 auspiciis
359 1096 647 1161 adtondendum.
674 1105 711 1161 ut
754 1098 787 1161 in
833 1097 989 1160 omnibus
1029 1098 1251 1199 protectionis
1296 1109 1376 1162 tuae

164 1182 311 1245 munitus
329 1182 457 1247 auxilio
476 1183 654 1247 caelestem
678 1184 946 1247 benedictionem
969 1184 1133 1267 accipiat.
1150 1194 1184 1248 et
1206 1187 1373 1267 presentis

164 1270 253 1332 uitae
276 1271 428 1351 presidiis
451 1270 598 1351 gaudeat
620 1280 656 1334 et
678 1280 835 1335 eternae.
852 1292 919 1355 per.

515 1562 630 1629 Oratio
645 1572 724 1645 past
743 1582 858 1627 rasam
882 1562 1026 1627 barbam.

234 1713 303 1777 Eus
336 1714 393 1796 qui
425 1714 579 1777 eclesiam
612 1722 705 1776 tuam
741 1732 831 1776 nouo
869 1731 1002 1793 semper
1036 1711 1105 1775 fetu
1141 1712 1374 1796 multiplicas.

276 1802 423 1865 concede
455 1801 581 1865 famulo
613 1810 697 1863 tuo,
718 1800 777 1864 N.
797 1800 855 1880 qui
887 1798 992 1862 diuini
1025 1800 1153 1863 timoris
1185 1809 1219 1866 et
1251 1801 1374 1867 amoris

163 1888 322 1952 instinctu
360 1890 527 1952 exteriora
564 1887 750 1969 pubertatis
787 1885 931 1950 abscidit
952 1935 960 1949 .
981 1895 1018 1949 ut
1051 1895 1184 1949 tuorum
1223 1889 1374 1953 omnium

164 1976 460 2040 interuenientibus
502 1984 695 2038 sanctorum
737 1973 863 2038 meritis
902 1974 1009 2036 carnis
1047 1973 1268 2055 petulantiam
1308 1995 1374 2037 non

164 2063 272 2127 solum
303 2063 505 2126 uerbotenus
521 2112 528 2127 .
545 2062 604 2125 sed
643 2062 761 2125 intima
798 2060 907 2123 cordis
944 2061 1149 2124 conscientia
1187 2062 1220 2124 in
1259 2073 1377 2126 sancta

163 2169 380 2231 perseuerans
406 2149 660 2213 conuersatione
690 2159 825 2213 tecum
856 2147 979 2230 ubique
1010 2148 1209 2230 precedente
1236 2158 1271 2213 et
1297 2150 1375 2213 sub-

163 2245 324 2319 sequente
357 2236 485 2300 calcare
513 2246 547 2300 et
579 2246 818 2318 contempnere
850 2235 956 2299 uitam
988 2235 1175 2318 percipiens
1208 2245 1376 2300 mereatur

164 2332 335 2388 aeternam
352 2373 358 2387 .
375 2344 434 2406 per
457 2324 632 2387 dominum
656 2332 816 2387 nostrum.
867 2379 870 2385 ,

149 2856 150 2859 ’
253 2831 399 2897 INCIPIT
424 2847 602 2898 ORDO'DE
625 2847 752 2898 SACRIS
776 2846 987 2898 ORDINIBUS
1010 2848 1303 2901 BENEDICENDIS.

238 3005 401 3070 Salmista
427 3006 467 3071 ia'
492 3016 541 3070 est
559 3017 694 3072 canter.
704 3017 810 3090 potest
837 3008 955 3090 absque
979 3008 1116 3073 scientia
1137 3009 1293 3093 episcopi.
1308 3013 1377 3076 sala

232 3093 411 3244 binssiane
424 3095 598 3177 presbiteri
618 3093 755 3178 fferam
784 3096 942 3178 sasa‘pere
968 3097 1148 3160 cantandi.
1164 3098 1286 3162 dicente
1312 3100 1378 3163 sibi

154 3192 231 3262 pres
251 3180 339 3246 itero.

204 3340 307 3427 [Vide
334 3352 372 3406 ut
402 3342 493 3424 quod
525 3360 581 3405 ore
606 3301 723 3405 cantas
751 3341 852 3406 corde
879 3343 1062 3407 credas.et
1085 3343 1177 3426 quod
1202 3340 1274 3430 [sol.
1304 3364 1373 3428 134.

162 3429 262 3492 corde
285 3431 392 3494 credis
406 3429 582 3513 ,operibus
605 3429 735 3513 probes.

275 3786 496 3852 ORDINATIO
520 3799 742 3852 HOSTIARII.
760 3785 907 3849 INCIPIT
930 3798 1073 3850 PRIMUS
1095 3799 1257 3852 GRADUS.

160 3951 252 4082 H
258 3953 426 4018 Ostearms
460 3974 533 4016 cerm
570 3951 767 4017 ordinater.
776 3961 949 4036 postquam
986 3952 1026 4016 ab
1059 3953 1283 4019 archidiacano
1316 3958 1366 4020 in-

288 4050 432 4104 structas
447 4041 560 4124 faerit
580 4041 720 4122 qualiter
748 4039 782 4102 in
813 4039 906 4102 danea
935 4038 988 4104 dci
1018 4039 1128 4105 debeat
1157 4046 1363 4108 canrcersari.

155 4125 204 4188 aa'
234 4129 467 4212 suggestionem
504 4127 726 4191 archidiaconi
759 4125 814 4203 et†
852 4126 967 4190 tradat
1001 4129 1032 4190 ei
1065 4129 1221 4210 episcopas
1263 4132 1366 4195 claues

141 4215 258 4298 veclesie
276 4219 317 4279 de
335 4217 440 4280 altari
460 4215 574 4279 dicens·

157 4434 333 4566 Sicage
356 4441 451 4522 quasi
474 4438 663 4505 redditurus
686 4438 751 4503 deo
777 4437 1034 4519 rationem.pro
1064 4436 1115 4499 his
1145 4438 1244 4502 rebus
1274 4457 1361 4522 quae

253 4537 324 4593 rstrs
347 4527 750 4595 clauibus.recluduntur.

1169 4626 1225 4676 12
