3375 5250
315 409 360 459 128
542 412 598 458 DE
619 410 750 460 SACRIS
772 412 985 463 ORDINIBUS
1004 412 1309 463 BENEDICENDIS.

313 574 418 636 deus.
435 582 556 655 pater.
575 581 609 635 et
640 571 750 639 filius,
767 582 802 637 et
836 572 974 655 spiritus
1005 583 1164 637 sanctus.
1181 583 1220 637 ut
1252 573 1381 637 habeas
1419 572 1527 637 uitam

316 669 487 723 aeternam
504 712 511 723 .
528 671 563 723 et
585 659 681 723 uiuas
704 662 738 723 in
761 661 876 739 secula
898 661 1119 725 saeculorum.
1164 662 1289 725 Amen.

356 899 557 965 Consecrotio
580 919 739 961 manuum
757 898 910 980 episcopi.
922 898 965 960 ab
985 898 1214 980 archiepiscopo
1235 897 1299 961 olco
1319 906 1429 961 sancto
1449 907 1480 959 ct

839 987 1000 1049 crismate.

314 1123 539 1250 VNgantur
561 1142 681 1187 manus
709 1123 793 1187 istae
823 1132 857 1187 et
880 1121 1155 1187 sanctificentur.
1172 1131 1207 1185 et
1229 1123 1263 1186 in
1286 1132 1321 1186 te
1348 1122 1413 1186 deo
1442 1124 1522 1187 deo

425 1230 498 1273 rum
529 1211 746 1275 ordinentur.
765 1210 869 1291 Ungo
898 1210 959 1272 has
983 1229 1104 1273 manus
1134 1210 1211 1274 oleo
1240 1209 1450 1273 sanctificato
1464 1260 1472 1274 .
1488 1219 1523 1273 et

313 1301 468 1364 crismate
497 1298 664 1361 unctionis
694 1296 893 1379 purificato.
909 1298 996 1360 sicut
1026 1297 1125 1361 unxit
1155 1316 1290 1379 moyses
1320 1297 1424 1360 uerbo
1453 1298 1521 1361 oris

312 1387 364 1450 sui
395 1405 515 1448 manus
546 1386 653 1448 sancti
685 1382 787 1447 aaron
812 1384 965 1466 germani
989 1383 1041 1447 sui
1057 1432 1064 1447 .
1082 1394 1116 1447 et
1146 1385 1233 1448 sicut
1258 1384 1359 1447 unxit
1383 1384 1520 1466 spiritus

312 1481 449 1538 sanctus
479 1490 539 1554 per
568 1491 646 1533 suos
670 1470 769 1535 flatus
794 1490 915 1534 manus
939 1490 1076 1534 suorum
1103 1470 1357 1552 apostolorum.
1375 1471 1429 1535 Ita
1458 1491 1520 1534 un-

312 1571 435 1643 gantur
464 1578 584 1621 manus
616 1559 701 1621 istae
731 1569 765 1623 et
791 1556 1063 1623 sanctificentur.
1080 1568 1115 1621 et
1144 1567 1401 1623 consecrentur.
1417 1568 1456 1622 ut
1484 1560 1519 1621 in

312 1648 469 1712 omnibus
492 1646 560 1708 sint
582 1646 751 1728 perfectae
773 1646 808 1708 in
831 1643 983 1729 nomisne
1006 1654 1066 1709 tuo
1095 1654 1216 1728 pater.
1232 1644 1305 1708 filii·
1328 1641 1399 1732 [fol.
1427 1646 1518 1725 148v.

310 1755 377 1818 que
406 1734 456 1797 tui
473 1780 482 1797 .
499 1742 602 1816 atque
632 1732 759 1796 aeterni
789 1733 924 1814 spiritus
954 1733 1062 1795 sancti
1078 1781 1085 1797 .
1101 1732 1160 1813 qui
1189 1732 1225 1796 es
1256 1751 1342 1795 unus
1364 1752 1404 1796 ac
1426 1752 1517 1795 sum-

311 1821 501 1886 mus.deus
524 1820 676 1883 omnium
700 1820 853 1883 uiuorum
878 1830 913 1881 et
936 1829 1166 1883 mortuorum.
1184 1838 1324 1882 manens
1346 1819 1380 1881 in
1404 1819 1517 1883 secula

309 1909 505 1973 seculorum.

555 2144 625 2207 Hic
647 2145 803 2217 mittatur
824 2144 928 2207 oleum
950 2153 1048 2225 super
1067 2154 1165 2226 caput
1184 2143 1261 2207 cius.

309 2285 509 2413 VNgatur
540 2291 575 2345 et
604 2290 817 2345 consecretur
847 2289 949 2381 caput
979 2288 1099 2381 tuum..
1115 2280 1251 2381 caelesti
1281 2279 1515 2380 benedictione

422 2375 456 2435 in
487 2370 639 2433 ordinem
671 2366 898 2449 pontificalem
930 2388 963 2431 rn
997 2387 1133 2431 nomme
1163 2379 1268 2449 patris
1284 2416 1291 2431 .
1307 2377 1342 2430 et
1379 2367 1437 2430 filii
1453 2418 1460 2431 .
1479 2380 1514 2431 et

306 2461 443 2544 spiritus
466 2457 574 2521 sancti
590 2504 598 2519 .
616 2454 689 2518 Pax
712 2454 773 2517 tibi
790 2504 798 2519 .
815 2454 924 2537 Resp.
941 2455 988 2519 Et
1009 2475 1086 2518 cum
1109 2456 1228 2537 spiritu
1250 2463 1320 2518 tuo.

613 2692 795 2758 Bencdc'ctco
817 2691 924 2756 boculi
943 2700 983 2754 ut
1002 2690 1067 2755 alii
1085 2692 1208 2756 uolunt.

437 2831 535 2957 TU
561 2830 700 2894 baculus
723 2839 858 2930 nostrae
881 2837 916 2893 et
939 2836 1046 2929 rector
1069 2848 1128 2927 per
1149 2827 1261 2928 secula
1283 2827 1374 2892 uitae

544 2914 698 3001 [i]stum1
721 2917 894 2980 sanctifica
917 2926 1054 2998 pretatis
1077 2935 1146 2978 rure
1169 2914 1351 2979 bacillum.

437 3003 555 3090 [q]u01
578 3005 667 3069 mala
689 3012 882 3069 sternantur
904 3022 973 3085 quo
994 3022 1128 3086 semper
1150 3011 1240 3064 recta
1262 3011 1428 3085 regantur.

578 3251 647 3315 Hic
667 3251 762 3315 detur
783 3251 914 3315 baculus
928 3299 935 3314 .
951 3259 1104 3332 sequatur
1124 3248 1239 3312 orctco.

304 3391 472 3518 ACcipe
494 3388 650 3453 baculum
673 3387 973 3471 pastoralis·0fficii
989 3434 997 3449 .
1014 3394 1048 3450 et
1070 3385 1116 3448 sis
1139 3387 1172 3448 in
1192 3386 1398 3469 corrigendis
1421 3389 1510 3453 uitiis

412 3478 543 3540 seuiens
583 3479 617 3538 in
655 3474 727 3539 ira.
744 3474 906 3537 iudicium
947 3474 1019 3537 sine
1048 3474 1098 3536 ira
1134 3483 1367 3537 tenenS.cum
1406 3476 1509 3539 iratus

302 3565 403 3629 fueris
427 3563 673 3627 misericordiae
696 3562 920 3625 reminiscens,

810 3816 894 3879 Itcm
916 3814 995 3879 olco.

301 3954 469 4084 ACcipe
491 3953 648 4018 baculum
672 3952 757 4016 sacri
780 3952 952 4035 regiminis
970 3952 1103 4035 signum
1117 4003 1124 4017 .
1137 3963 1174 4017 ut
1198 3953 1370 4017 inbecillos
1388 3975 1506 4019 conso-

408 4041 514 4104 lides.
532 4041 716 4104 titubantes
739 4039 917 4103 confirmes
933 4088 940 4103 .
956 4060 1078 4122 prauos
1109 4041 1276 4120 corrigas.
1293 4050 1401 4104 rectos
1429 4043 1506 4106 diri-

300 4127 419 4211 gasin
445 4129 534 4191 uiam
560 4128 678 4192 salutis
703 4137 858 4192 aeternae
876 4176 884 4191 .
900 4126 1092 4209 habeasque
1122 4137 1325 4210 potestatem
1356 4130 1505 4212 erigendi

300 4216 420 4298 dignos
450 4224 484 4280 et
514 4213 715 4299 corrigenldi
749 4214 1146 4296 indignos.c00perante
1177 4215 1315 4278 domino
1337 4215 1409 4298 [fol.
1435 4234 1505 4302 149.

300 4311 415 4366 nostro
438 4304 531 4367 ihesu
555 4302 769 4384 christ0.qui
793 4322 870 4364 cum
893 4310 989 4385 patre
1012 4313 1046 4364 et
1069 4302 1187 4384 spiritu
1211 4312 1329 4366 sancto
1352 4304 1438 4368 uiuit
1460 4315 1503 4369 et.

297 4458 419 4590 bylalgtee
424 4462 510 4578 liptnecrls
521 4463 547 4512 in
558 4464 676 4514 brackets
686 4464 750 4514 have
761 4465 826 4513 been
837 4463 882 4512 lest
894 4463 972 4512 blank
983 4463 1022 4513 ior
1034 4463 1077 4514 the
1088 4462 1226 4514 rubricator
1239 4481 1246 4512 ε
1262 4462 1323 4528 they
1333 4479 1375 4514 are
1386 4465 1503 4530 supplied
