3375 5250
488 402 808 453 BENEDICTIOAOES
827 402 1087 452 EPISCOPALES.
1364 406 1397 457 33

327 609 584 692 JBuuumcmo
608 629 650 678 ΙΝ
676 629 828 680 urrunnu
853 615 998 680 Snucn
1022 614 1229 679 Scaeuam.
1254 611 1322 695 [sol.
1340 625 1396 691 45.

260 743 327 808 Eus
357 748 414 828 qui
455 750 591 815 beatum
622 752 825 832 stephanum
864 760 1148 833 protomartyrem
1186 751 1397 815 confessione

302 831 379 895 fidei
415 847 448 900 et
479 857 587 918 agone
619 841 769 920 martyrii
795 840 970 902 coronauit
988 886 996 902 .
1015 851 1146 903 mentes
1176 849 1304 902 uestras
1334 838 1395 900 cir-

186 920 324 983 cumdet
354 921 386 984 in
417 927 564 1005 presenti
596 927 708 990 seculo
733 946 856 989 corona
881 925 1026 989 iustitiae
1044 973 1052 990 .
1070 935 1105 988 et
1129 926 1162 988 in
1194 926 1306 990 futuro
1334 945 1394 987 uos

187 1006 229 1067 ad
254 1026 412 1072 coronam
435 1010 561 1092 gloriae
583 1015 755 1094 perducat.
801 1013 922 1077 Amen.

232 1091 326 1156 Illius
353 1096 495 1162 obtentu
520 1099 646 1164 tribuat
673 1101 768 1164 uobis
792 1102 847 1163 dei
869 1110 904 1163 et
926 1099 1074 1182 proximi
1094 1101 1233 1163 caritate
1260 1119 1393 1181 semper

186 1180 372 1246 exuberare
389 1231 398 1248 .
415 1185 471 1266 qui
496 1185 584 1251 hanc
606 1189 736 1252 studuit
758 1188 861 1252 etiam
884 1188 971 1250 inter
997 1187 1220 1268 lapidantium
1247 1187 1393 1270 impetus

187 1268 345 1346 optinere.
390 1271 511 1336 Amen.

232 1355 309 1437 Quo
336 1357 406 1421 eius
433 1369 468 1423 et
491 1359 649 1442 exemplo
673 1361 841 1425 roborati.
860 1373 894 1424 et
920 1362 1157 1426 intercessione
1185 1361 1305 1424 muniti
1323 1409 1331 1425 .
1349 1360 1393 1422 ab

187 1459 226 1590 ep
252 1462 352 1524 quem
379 1445 434 1510 ille
458 1467 479 1510 a
502 1447 632 1510 dextris
654 1448 707 1511 dei
728 1449 814 1513 uidit
837 1458 983 1513 stantem
1007 1448 1201 1513 mereamini
1225 1448 1392 1512 benedici.

226 1549 307 1593 men.

233 1614 333 1698 Quod
357 1618 429 1700 ipse
452 1629 600 1701 prestare
622 1622 908 1704 dignetur.cuius
931 1643 1081 1705 regnum.

351 1884 396 1948 IN
421 1900 572 1951 unauna
595 1901 691 1951 nunu
716 1889 1013 1954 Eunucnmsmu
1038 1888 1241 1953 Iounuurs

380 1999 445 2084 flu
468 2014 533 2063 ou:
555 2013 837 2065 nosuruprrouts
861 2015 980 2066 1Psrus
1003 2014 1195 2066 APOSTOLI.
1237 1998 1305 2087 [sol.
1322 2013 1397 2079 45v.

194 2147 456 2274 OMnipotens
486 2150 569 2213 deus
599 2149 756 2232 dignetur
786 2151 882 2214 uobis
913 2171 972 2233 per
1001 2151 1272 2215 intercessionem
1303 2149 1394 2212 beati

304 2235 456 2299 iohannis
490 2238 633 2319 apostoli
671 2248 706 2301 et
739 2239 965 2319 euangelistae
1002 2238 1198 2301 benedicere
1217 2286 1225 2301 .
1242 2238 1299 2319 qui
1333 2257 1394 2318 per

190 2342 267 2385 eum
286 2322 432 2386 archana
457 2325 549 2386 uerbi
574 2326 624 2387 sui
649 2325 755 2389 uoluit
780 2325 940 2389 ecclesiae
965 2326 1124 2389 reuelare.
1170 2326 1290 2388 Amen.

234 2409 408 2474 Concedat
430 2411 552 2475 uobis.
571 2421 607 2475 ut
628 2412 718 2494 quod
740 2411 795 2475 ille
817 2413 951 2494 spiritus
972 2413 1079 2476 sancti
1103 2432 1239 2476 munere
1260 2409 1392 2474 afflatus

191 2497 309 2561 uestris
352 2497 487 2560 auribus
531 2498 735 2562 excellenter
776 2498 898 2562 inludit
915 2547 924 2564 .
941 2498 1091 2562 eiusdem
1134 2499 1269 2582 spiritus
1303 2499 1394 2560 dono

190 2603 309 2668 capere
333 2594 445 2649 mente
468 2584 619 2650 ualeatis.
664 2586 781 2650 Amen.

236 2670 314 2754 Quo
329 2672 400 2734 eius
416 2673 619 2737 documento
639 2673 682 2736 de
704 2673 881 2738 diuinitate
897 2674 1001 2737 nostri
1023 2673 1244 2756 redemptoris
1261 2673 1394 2736 edocti.

192 2769 226 2821 et
268 2760 416 2822 amando
450 2760 540 2841 quod
580 2761 745 2825 tradidit.
763 2771 797 2824 et
830 2762 1037 2844 predicando
1077 2762 1167 2843 quod
1205 2760 1347 2824 docuit.
1365 2769 1399 2822 et

191 2848 393 2926 exequendo
417 2847 507 2928 quod
540 2846 636 2912 iussit
653 2896 661 2912 .
678 2848 722 2910 ad
753 2849 842 2911 dona
873 2848 1048 2930 peruenire
1079 2848 1399 2929 mereamini.quae

192 2935 282 2995 idem
302 2933 413 2995 ihesus
436 2934 579 2997 christus
605 2936 760 2997 dominus
786 2943 900 2999 noster
923 2935 1123 3018 repromisit.
1168 2935 1288 2999 Amen.

237 3018 356 3104 [Quod
382 3021 454 3102 ipse
478 3030 626 3104 prestare
651 3022 816 3103 dignetur.
1256 3017 1329 3106 [iol.
1345 3021 1399 3099 46.

405 3290 642 3354 Buuumcrro
667 3304 708 3353 ru
734 3302 886 3353 unauna
912 3290 1185 3356 quocuuruu.

198 3441 458 3571 OMnipotens
485 3442 567 3502 deus
598 3460 660 3523 pro
690 3440 783 3503 cuius
813 3439 977 3521 unigeniti
1007 3441 1200 3504 ueneranda
1227 3438 1397 3503 infantia.

307 3528 483 3591 infantium
501 3528 728 3589 innocentium
751 3536 902 3590 cateruas
924 3528 1063 3591 herodes
1087 3526 1237 3591 funestus
1258 3528 1399 3609 peremit

195 3616 436 3679 seuitia.suae
476 3614 572 3677 uobis
615 3614 857 3677 benedictionis
903 3614 1027 3678 tribuat
1067 3616 1157 3678 dona
1199 3614 1398 3696 gratissima.

192 3701 311 3767 Amen.

240 3790 284 3852 Et
325 3790 382 3871 qui
421 3789 467 3851 eis
510 3789 755 3852 concessit.ut
796 3789 931 3852 unicum
965 3787 1070 3851 filium
1107 3788 1396 3853 eius.dominum

196 3886 345 3939 nostrum
371 3896 438 3938 non
462 3876 631 3957 loquendo
658 3875 717 3938 sed
750 3877 924 3939 moriendo
954 3874 1215 3940 confiterentur.
1233 3877 1397 3938 concedat

194 3963 290 4026 uobis
307 3982 343 4025 ut
359 3964 459 4026 fidem
481 3982 594 4025 ueram
612 3982 712 4044 quam
730 3962 844 4045 lingua
865 3972 978 4025 uestra
1002 3962 1124 4026 fatetur
1139 4012 1146 4025 .
1164 3963 1267 4026 etiam
1288 3982 1396 4025 mores

196 4052 289 4131 probi
316 4061 349 4112 et
373 4051 443 4113 uita
469 4048 678 4131 inculpabilis
704 4050 858 4115 fateatur.
903 4051 1023 4113 Amen.

240 4137 373 4221 Quique
418 4156 475 4199 eos
516 4137 722 4215 primitiuum
765 4136 909 4202 fructum
951 4148 1087 4199 sanctae
1129 4157 1209 4200 suae
1250 4137 1397 4217 suscepit

195 4225 468 4287 ecclesiae.cum
499 4223 606 4286 fructu
634 4225 796 4287 bonorum
832 4244 970 4306 operum
1003 4244 1063 4287 uos
1096 4223 1195 4287 saciat
1225 4225 1398 4306 peruenire

196 4315 238 4375 ad
262 4311 387 4393 gaudia
408 4322 564 4373 aeternae
589 4311 726 4392 patriae.
771 4311 888 4374 Amen.

240 4399 340 4481 Quod
368 4399 439 4479 ipse
463 4408 611 4479 prestare
635 4398 812 4479 dignetur.
830 4399 922 4461 cuius
949 4418 1095 4480 regnum.

240 4483 436 4549 Benedictio
459 4484 514 4547 dei
541 4484 645 4567 patris
662 4536 668 4549 .
685 4497 719 4548 et
744 4485 801 4547 filii
818 4534 824 4548 .
841 4495 877 4549 et
901 4485 1036 4567 spiritus
1060 4486 1167 4549 sancti
1184 4535 1190 4547 .
1207 4495 1241 4548 et
1266 4504 1344 4566 pax.

238 4586 395 4639 ROBERT.
