3375 5250
473 424 791 484 Banuulcrrorvas
811 434 1072 486 EPISCOPALES.
1351 441 1382 496 45

218 595 264 658 Et
290 617 391 678 quem
423 599 626 681 peculiarem
652 601 806 683 optinere
831 602 1000 665 meruistis
1025 599 1283 683 patronum.ad
1309 618 1382 662 cae-

172 681 255 746 leste
286 685 359 766 ipso
390 686 618 751 intercedente
650 689 791 752 ualeatis
831 688 971 752 feliciter
1006 689 1195 772 pertingere
1233 707 1382 770 regnum.

171 768 290 836 Amen.

218 856 439 942 Tandemque
470 861 664 924 mereamini
699 863 813 926 uidere
848 864 882 926 in
914 863 1015 927 caelis
1047 867 1271 944 regnantem.
1288 862 1382 925 cuius

174 946 382 1024 gratulanter
404 946 580 1010 celebratis
600 948 921 1033 sollempnissimum
945 951 1045 1014 diem.
1090 950 1207 1014 Amen.

219 1032 321 1116 Quod
345 1035 417 1116 ipse
440 1044 590 1116 prestare
614 1035 790 1118 dignetur.
804 1039 899 1102 cuius
922 1034 1086 1120 regnum.l

178 1403 436 1486 [Bauemcrro
456 1419 497 1470 ru
511 1420 702 1473 rnnusrru
717 1423 812 1473 auur
829 1423 961 1475 ruuocr
984 1423 1244 1475 consessurus
1257 1407 1387 1498 [foloz.

188 1592 372 1718 DOmine
392 1595 475 1658 deus
498 1594 649 1658 omnium
668 1596 851 1677 gratiarum
874 1593 1071 1658 benedicere
1095 1595 1232 1676 dignare
1249 1615 1384 1660 omnem

290 1681 380 1744 hunc
410 1681 573 1764 populum
597 1685 791 1764 tuum.qui
823 1681 1009 1749 inhonore
1040 1691 1099 1745 tuo
1131 1682 1255 1745 diuinis
1278 1682 1387 1747 famu-

179 1767 266 1831 latur
281 1767 415 1834 officiis.
429 1778 463 1832 et
482 1770 641 1851 quicquid
663 1782 780 1833 sancto
798 1767 980 1832 confessori
1002 1779 1061 1832 tuo
1080 1769 1202 1833 iudoco
1224 1769 1387 1834 hodierna

180 1853 235 1917 die
265 1855 391 1937 profuit
428 1857 471 1919 ad
503 1856 748 1921 beatitudinem
763 1902 771 1919 .
787 1855 894 1939 prosit
924 1854 1001 1918 huic
1028 1854 1174 1919 familiae
1198 1855 1242 1919 ad
1273 1877 1389 1920 exem-

181 1941 283 2023 plum.
329 1943 444 2007 Amen.

226 2028 270 2092 Et
294 2030 368 2112 ipso
389 2029 491 2093 beato
512 2027 702 2094 confessore
725 2028 954 2093 intercedente
969 2077 976 2094 .
990 2029 1034 2093 sit
1053 2031 1085 2092 in
1107 2030 1155 2092 eis
1175 2028 1258 2094 fides
1279 2039 1387 2095 recta.

181 2115 353 2180 imitabilis
376 2116 484 2180 forma
500 2164 508 2180 .
524 2117 712 2180 castissima
735 2118 899 2180 sobrietas
915 2116 1110 2198 .hospitalis
1133 2118 1254 2181 caritas
1270 2166 1277 2181 .
1291 2118 1386 2199 spiri-

181 2202 281 2266 tualis
311 2204 599 2285 prudentia.alta
624 2205 813 2288 sapientia.
831 2224 926 2267 mens
959 2204 1094 2267 humilis
1125 2205 1195 2268 uita
1225 2204 1387 2270 sublimis.

181 2289 299 2356 Amen.

227 2376 278 2441 Ut
310 2398 387 2441 cum
419 2388 499 2443 ante
530 2379 743 2442 tremendum
775 2378 889 2441 iudicii
922 2377 1012 2441 diem
1047 2378 1081 2440 in
1113 2387 1295 2460 conspectu
1329 2388 1390 2442 tuo

185 2462 375 2528 adstiterint
391 2513 398 2528 .
414 2486 474 2548 per
499 2466 584 2529 sacri
611 2465 809 2528 confessoris
835 2463 1060 2528 uenerabilem
1087 2465 1393 2530 interuentionem.
1470 2472 1475 2481 '

184 2570 253 2614 non
277 2549 555 2635 dampnandum²
572 2603 578 2615 .
594 2553 654 2615 sed
677 2553 793 2615 mitem
820 2552 885 2635 sex
905 2573 962 2616 ore
985 2561 1044 2615 tuo
1067 2552 1207 2617 audiant
1231 2549 1392 2641 [fol.62v.

184 2637 407 2704 absolutionis
429 2642 641 2705 sententiam.
686 2640 804 2704 Amen.

229 2722 331 2807 Quod
354 2728 426 2811 ipse
449 2737 599 2812 prestare
623 2728 787 2809 dignetur.

527 3101 571 3164 lu
595 3114 743 3164 vrorum
766 3110 1056 3164 urosrouonuu.

194 3288 415 3416 BEuedicat
436 3310 498 3353 uos
518 3288 733 3371 omnipotens
760 3287 843 3350 deus
860 3335 867 3349 .
884 3304 943 3368 per
962 3284 1052 3348 beati
1076 3284 1220 3365 apostoli
1244 3285 1318 3351 sui.
1335 3287 1369 3352 N
1385 3338 1393 3353 .

292 3376 565 3441 intercessionem
579 3426 586 3439 .
599 3387 633 3440 et
653 3385 841 3438 uestrorum
866 3381 946 3436 uota
964 3372 1165 3437 ieiuniorum
1189 3372 1252 3435 sibi
1277 3393 1394 3457 accep·

188 3462 305 3527 tabilia
328 3464 456 3528 reddat.
500 3464 619 3527 Amen.

235 3550 392 3615 Precibus
422 3551 540 3615 uestris
571 3548 728 3613 effectum
764 3548 843 3610 boni
879 3545 1099 3611 accomodet.
1115 3554 1312 3617 cunctorum
1345 3568 1395 3611 re-

191 3636 383 3701 missionem
415 3650 627 3720 peccatorum
658 3636 846 3699 attribuat.
869 3650 903 3699 et
935 3656 994 3699 uos
1026 3633 1166 3695 feliciter
1196 3632 1240 3696 ad
1270 3637 1394 3718 sempi-

190 3736 286 3787 terna
308 3725 433 3807 gaudia
456 3725 630 3807 peruenire
652 3725 824 3787 concedat.
869 3723 987 3786 Amen.

236 3811 282 3875 Et
304 3831 405 3894 quem
436 3812 535 3875 hodie
566 3811 720 3874 ieiuniis.
738 3819 772 3873 et
802 3809 1028 3892 elemosynis.
1044 3805 1264 3889 precibusque
1291 3808 1394 3872 iuter-

191 3918 356 3961 cessorem
373 3899 609 3962 conuenientes
625 3896 921 3961 aduocatis.hunc
944 3898 1036 3978 pium
1058 3894 1294 3959 auxiliatorem
1317 3916 1394 3959 cum

194 3985 286 4048 omni
306 3986 491 4067 apostolico
514 3985 647 4068 agmine
671 3985 703 4046 in
729 3995 927 4066 perpetuum
951 3982 1110 4046 habeatis
1156 3981 1272 4046 Amen.

237 4070 338 4154 Quod
369 4074 440 4155 ipse
471 4083 619 4155 prestare
646 4072 939 4153 dignetur.cuius
973 4089 1113 4152 regnum
1151 4078 1185 4133 et
1218 4069 1395 4152 imperium

192 4159 265 4223 sine
288 4159 362 4223 fine.

237 4246 432 4311 Benedictio
455 4245 510 4311 dei
533 4246 638 4330 patris
654 4296 661 4309 .
677 4255 711 4310 et
735 4244 792 4307 filii
811 4295 817 4309 .
834 4253 869 4308 et
892 4244 1029 4326 spiritus
1053 4246 1168 4308 sancti.

421 4460 430 4489 ¹
447 4460 503 4509 The
514 4459 592 4510 lower
603 4469 659 4525 part
671 4461 700 4509 of
708 4460 751 4509 fol.
765 4459 795 4509 61
809 4474 882 4509 verso
894 4458 915 4507 is
926 4457 1013 4507 blank.

420 4524 431 4554 ¹
449 4526 575 4590 Probably
587 4526 626 4576 for
636 4526 822 4591 dampnantem.
