3375 5250
572 367 827 418 CONSECRATIO
848 368 969 419 REGIS.
1333 375 1379 429 145

575 540 691 606 Oratio
708 549 785 624 post
805 563 963 607 coronam.

172 678 306 805 DEus
330 676 564 762 perpetuitatis
577 726 584 743 .
597 680 669 743 dux
686 680 849 743 uirtutum
865 688 1062 744 cunctorum
1078 678 1225 743 hostium
1243 677 1374 742 uictor.

278 764 420 829 benedic
442 764 531 828 hunc
553 764 834 829 famulumtuum
856 813 864 834 .
886 766 947 830 tibi
968 775 1070 849 caput
1092 786 1189 831 suum
1213 763 1376 829 inclinan-

164 863 234 918 tem
250 900 258 918 .
274 860 308 917 et
331 851 465 934 prolixa
494 851 637 916 sanitate
661 862 696 917 et
719 872 878 935 prospera
901 852 1061 918 felicitate
1083 874 1161 917 eum
1187 870 1376 917 conserua.

164 950 200 1005 et
215 938 418 1021 ubicumque
437 958 498 1021 pro
516 939 638 1021 quibus
658 940 823 1003 auxilium
843 950 939 1006 tuum
955 941 1162 1006 inuocauerit
1177 989 1184 1005 .
1200 940 1268 1004 cito
1283 937 1375 1002 adsis

165 1036 199 1092 et
223 1036 380 1109 protegas
404 1045 443 1089 ac
462 1024 647 1092 defendas.
667 1026 793 1090 Tribue
814 1028 843 1091 ei
871 1047 1054 1109 quesumus
1074 1028 1211 1091 domine
1237 1025 1375 1090 diuitias

164 1115 293 1197 gratiae
308 1123 386 1179 tuae
401 1162 409 1179 .
424 1114 557 1195 comple
576 1113 610 1178 in
633 1113 731 1177 bonis
752 1114 955 1178 desiderium
977 1116 1049 1179 eius
1065 1162 1072 1179 .
1088 1134 1212 1179 corona
1237 1133 1312 1178 eum
1339 1112 1373 1175 in

166 1200 413 1265 misericordia.
430 1198 558 1282 tibique
582 1200 721 1265 domino
741 1201 797 1283 pia
819 1200 1001 1266 deuotione
1023 1201 1144 1285 iugiter
1167 1200 1371 1266 famuletur.

166 1309 225 1371 per
248 1288 433 1353 dominum.

588 1492 656 1557 Hic
677 1492 773 1557 detur
785 1502 952 1577 sceptrum.

167 1632 335 1759 ACcipe
364 1638 533 1713 sceptrum
564 1630 676 1714 regiae
705 1631 884 1714 potestatis
914 1630 1045 1713 insigne
1063 1679 1072 1697 .
1087 1629 1216 1713 uirgam
1248 1629 1376 1694 scilicet

280 1726 407 1782 rectam
428 1718 542 1800 regni.
560 1718 689 1800 uirgam
708 1718 858 1784 uirtutis.
871 1738 940 1800 qua
959 1727 994 1782 te
1015 1718 1125 1802 ipsum
1147 1718 1233 1782 bene
1254 1736 1375 1801 regas.

166 1814 319 1870 sanctam
335 1805 491 1870 eclesiam
515 1804 745 1888 populumque
767 1804 925 1870 uidelicet
945 1804 1164 1870 christianum
1187 1804 1249 1869 tibi
1269 1825 1289 1868 a
1308 1805 1374 1868 deo

165 1894 385 1959 commissum
411 1893 505 1976 regia
533 1892 658 1957 uirtute
687 1892 732 1955 ab
757 1891 920 1975 improbis
946 1891 1111 1957 defendas
1126 1941 1135 1957 .
1152 1892 1279 1956 Prauos
1301 1910 1375 1954 cor-

167 1980 278 2062 rigas.
295 1990 404 2044 rectos
430 1976 606 2063 pacifices.
623 1988 658 2044 et
682 1988 720 2043 ut
749 1980 840 2043 uiam
865 1988 993 2043 rectam
1020 1988 1135 2043 tenere
1159 1978 1290 2061 possint
1315 1987 1377 2041 tuo

167 2065 352 2150 liuuamine
378 2066 529 2149 dirigas.
549 2067 706 2148 quatinus
733 2067 777 2129 de
800 2067 978 2149 temporali
1001 2085 1106 2149 regno
1125 2067 1169 2130 ad
1192 2061 1265 2151 [fol.
1285 2065 1378 2145 167v.

167 2164 340 2219 aeternum
364 2174 504 2237 regnum
530 2154 727 2235 peruenias.
744 2153 818 2235 ipso
844 2155 1027 2218 adiuuante
1054 2154 1148 2217 cuius
1175 2172 1315 2235 regnum
1343 2163 1379 2214 et

167 2240 441 2324 imperiumsine
466 2240 531 2305 fine
557 2249 733 2324 permanet
757 2242 791 2304 in
816 2240 952 2304 saecula
977 2241 1196 2305 saeculorum.

580 2557 696 2623 Oratio
711 2566 788 2643 post
808 2566 975 2642 sceptrum.

242 2699 376 2767 Mnium
389 2697 526 2762 domine
541 2696 616 2761 fons
632 2696 796 2762 bonorum
808 2708 1089 2782 ,cunctorumque
1110 2700 1193 2764 deus
1212 2699 1384 2765 institutor

286 2787 519 2870 profectuum.
536 2784 647 2848 tribue
677 2805 858 2867 quesumus
891 2786 1019 2851 famulo
1049 2796 1131 2851 tuo.
1149 2787 1182 2850 N
1198 2835 1206 2852 .
1222 2788 1382 2870 adeptam

171 2876 258 2940 bene
287 2892 403 2956 regere
432 2871 661 2954 dignitatem.
684 2882 718 2936 et
748 2893 768 2936 a
797 2874 832 2935 te
863 2873 926 2937 sibi
948 2873 1191 2956 prestitutum¹s
1222 2873 1383 2938 honorem

172 2963 312 3045 dignare
327 2958 562 3024 corroborare.
578 2957 775 3023 Honorifica
791 2979 869 3024 eum
885 2980 944 3042 pre
960 2960 1088 3024 cunctis
1107 2961 1242 3044 regibus
1257 2970 1383 3025 terrae.

172 3049 269 3114 uberi
298 3067 376 3112 eum
406 3046 644 3111 benedictione
674 3046 876 3129 locupleta.
905 3054 940 3111 et
970 3047 1005 3110 in
1037 3046 1123 3112 solio
1158 3047 1252 3131 regni
1288 3047 1385 3111 firma

172 3135 359 3202 stabilitate
379 3132 569 3199 consolida.
585 3132 697 3198 Uisita
718 3153 795 3197 eum
815 3133 850 3197 in
871 3130 1135 3219 sobole.presta
1156 3135 1188 3197 ei
1207 3134 1384 3218 prolixita-

172 3234 242 3289 tem
279 3222 369 3287 uitae
385 3272 393 3287 .
408 3221 442 3284 in
483 3221 601 3285 diebus
639 3220 710 3284 eius
745 3240 879 3304 semper
908 3222 1035 3286 oriatur
1074 3221 1223 3286 iustitia.
1240 3231 1278 3287 ut
1307 3242 1384 3286 cum

172 3310 381 3375 iocunditate
412 3317 446 3372 et
475 3307 582 3372 letitia
612 3317 769 3372 aeternae
802 3309 892 3394 uitae
922 3307 1083 3390 glorietur
1115 3310 1148 3372 in
1180 3329 1307 3392 regno.
1324 3329 1385 3392 per

172 3398 358 3462 dominum.

586 3613 676 3676 Tunc
698 3611 792 3676 detur
813 3613 847 3677 ei
869 3613 979 3697 uirga.

177 3752 345 3880 ACcipe
360 3752 489 3834 uirgam
504 3750 636 3815 uirtutis
652 3760 754 3833 atque
766 3750 962 3833 aequitatis.
973 3745 1041 3833 qui
1055 3751 1230 3835 intellegas
1242 3751 1388 3816 mulcere

284 3840 382 3923 pios.
399 3847 434 3903 et
459 3847 582 3902 terrere
607 3842 766 3920 reprobos
783 3885 790 3900 .
805 3847 954 3902 errantes
982 3838 1071 3902 uiam
1093 3837 1199 3902 doce.
1216 3838 1386 3921 lapsisque

178 3947 315 3991 manum
342 3926 497 4010 porrige.
514 3923 780 4008 disperdesque¹s
805 3926 967 4006 superbos
982 3923 1049 4009 ,let
1076 3925 1203 3989 releues
1227 3923 1295 4008 [fol.
1314 3926 1386 3990 168.

177 4014 321 4079 humiles
333 4063 341 4079 .
353 4024 388 4077 et
403 4013 532 4096 aperiat
547 4012 609 4075 tibi
625 4013 772 4076 hostium
792 4012 904 4074 ihesus
921 4011 1063 4076 christus
1079 4011 1236 4076 dominus
1252 4022 1388 4077 noster.

174 4102 234 4184 qui
257 4102 301 4165 de
317 4119 355 4163 se
374 4101 449 4184 ipso
469 4099 517 4163 ait
532 4148 539 4163 .
556 4118 620 4180 ego
636 4120 709 4162 sum
725 4097 874 4162 hostium
890 4147 897 4161 .
914 4118 973 4180 per
989 4118 1044 4162 me
1064 4099 1092 4161 si
1108 4099 1183 4180 quis
1199 4099 1362 4164 introierit
1379 4150 1385 4163 .

178 4187 363 4252 saluabitur
378 4235 386 4252 .
403 4187 450 4250 Et
472 4186 544 4268 ipse
568 4186 626 4268 qui
656 4195 707 4250 est
737 4185 842 4249 clauis
872 4185 975 4249 dauid
991 4233 999 4249 .
1015 4194 1050 4249 et
1073 4195 1241 4269 sceptrum
1264 4186 1386 4250 domus

178 4273 389 4356 israhel.qui
412 4273 571 4356 aperitet
593 4292 694 4338 nemo
709 4271 856 4337 claudit.
872 4272 1000 4336 claudit
1022 4280 1056 4336 et
1079 4291 1180 4336 nemo
1202 4274 1387 4355 aperit.sit

177 4362 240 4426 tibi
263 4362 397 4426 adiutor
412 4410 420 4427 .
435 4361 493 4443 qui
509 4360 624 4424 educit
639 4360 790 4424 uinctum
807 4361 850 4424 de
866 4362 969 4423 domo
991 4360 1132 4423 carceris
1154 4360 1328 4424 sedentem
1352 4362 1386 4423 in

176 4447 324 4512 tenebris
347 4459 382 4513 et
405 4446 523 4512 umbra
546 4449 687 4512 mortis.
704 4457 742 4512 ut
767 4445 801 4509 in
826 4445 983 4510 omnibus
1008 4446 1101 4529 sequi
1129 4448 1286 4511 merearis
1308 4467 1386 4512 eum

223 4549 384 4602 ROBERT.
1234 4547 1257 4596 L
