<?xml version="1.0" encoding="UTF-8"?>
<!DOCTYPE html PUBLIC "-//W3C//DTD XHTML 1.0 Transitional//EN"
    "http://www.w3.org/TR/xhtml1/DTD/xhtml1-transitional.dtd">
<html xmlns="http://www.w3.org/1999/xhtml" xml:lang="en" lang="en">
 <head>
  <title>
</title>
<meta http-equiv="Content-Type" content="text/html;charset=utf-8" />
  <meta name='ocr-system' content='tesseract 3.04.00' />
  <meta name='ocr-capabilities' content='ocr_page ocr_carea ocr_par ocr_line ocrx_word'/>
</head>
<body>
  <div class='ocr_page' id='page_1' title='image "benedictionalar00munigoog_0105.png"; bbox 0 0 3375 5250; ppageno 0'>
   <div class='ocr_carea' id='block_1_1' title="bbox 585 402 1415 464">
    <p class='ocr_par' dir='ltr' id='par_1_1' title="bbox 585 402 1415 464">
     <span class='ocr_line' id='line_1_1' title="bbox 585 402 1415 464; baseline -0.002 -12"><span class='ocrx_word' id='word_1_1' title='bbox 585 404 640 453; x_wconf 88' lang='lat' dir='ltr'>DE</span> <span class='ocrx_word' id='word_1_2' title='bbox 661 404 772 453; x_wconf 82' lang='lat' dir='ltr'><em>MISSA</em></span> <span class='ocrx_word' id='word_1_3' title='bbox 795 404 1023 453; x_wconf 82' lang='lat' dir='ltr'><em>EPISCOPALI.</em></span> <span class='ocrx_word' id='word_1_4' title='bbox 1383 402 1415 464; x_wconf 80' lang='lat'>65</span> 
     </span>
    </p>
   </div>
   <div class='ocr_carea' id='block_1_2' title="bbox 203 564 1415 2185">
    <p class='ocr_par' dir='ltr' id='par_1_2' title="bbox 203 564 1415 2185">
     <span class='ocr_line' id='line_1_2' title="bbox 203 564 1415 643; baseline 0 -17"><span class='ocrx_word' id='word_1_5' title='bbox 203 567 320 627; x_wconf 87' lang='lat' dir='ltr'>sinistra</span> <span class='ocrx_word' id='word_1_6' title='bbox 354 577 440 643; x_wconf 90' lang='lat' dir='ltr'>parte</span> <span class='ocrx_word' id='word_1_7' title='bbox 468 566 568 626; x_wconf 87' lang='lat' dir='ltr'>altaris</span> <span class='ocrx_word' id='word_1_8' title='bbox 602 564 878 627; x_wconf 86' lang='lat' dir='ltr'><strong>communicaturi.</strong></span> <span class='ocrx_word' id='word_1_9' title='bbox 901 564 1084 627; x_wconf 92' lang='lat' dir='ltr'>Subdiaconi</span> <span class='ocrx_word' id='word_1_10' title='bbox 1116 577 1216 625; x_wconf 86' lang='lat' dir='ltr'>autem</span> <span class='ocrx_word' id='word_1_11' title='bbox 1250 566 1415 626; x_wconf 84' lang='lat' dir='ltr'>osculando</span> 
     </span>
     <span class='ocr_line' id='line_1_3' title="bbox 203 646 1414 741; baseline -0.001 -34"><span class='ocrx_word' id='word_1_12' title='bbox 203 667 328 708; x_wconf 87' lang='lat' dir='ltr'>manum</span> <span class='ocrx_word' id='word_1_13' title='bbox 351 646 484 740; x_wconf 88' lang='lat' dir='ltr'>episcopi</span> <span class='ocrx_word' id='word_1_14' title='bbox 512 666 563 707; x_wconf 91' lang='lat' dir='ltr'>ore</span> <span class='ocrx_word' id='word_1_15' title='bbox 584 647 734 726; x_wconf 82' lang='lat' dir='ltr'>accipiant</span> <span class='ocrx_word' id='word_1_16' title='bbox 757 666 867 725; x_wconf 89' lang='lat' dir='ltr'>corpus</span> <span class='ocrx_word' id='word_1_17' title='bbox 889 646 992 707; x_wconf 90' lang='lat' dir='ltr'>christi</span> <span class='ocrx_word' id='word_1_18' title='bbox 1014 646 1053 706; x_wconf 89' lang='lat' dir='ltr'>ab</span> <span class='ocrx_word' id='word_1_19' title='bbox 1075 664 1135 706; x_wconf 89' lang='lat' dir='ltr'>eo.</span> <span class='ocrx_word' id='word_1_20' title='bbox 1157 649 1322 741; x_wconf 83' lang='lat' dir='ltr'>Postquam</span> <span class='ocrx_word' id='word_1_21' title='bbox 1341 666 1414 707; x_wconf 92' lang='lat' dir='ltr'>uero</span> 
     </span>
     <span class='ocr_line' id='line_1_4' title="bbox 203 726 1412 805; baseline -0.001 -16"><span class='ocrx_word' id='word_1_22' title='bbox 203 726 359 790; x_wconf 91' lang='lat' dir='ltr'>diaconi</span> <span class='ocrx_word' id='word_1_23' title='bbox 352 747 383 787; x_wconf 93' lang='lat' dir='ltr'>1n</span> <span class='ocrx_word' id='word_1_24' title='bbox 408 728 526 790; x_wconf 90' lang='lat' dir='ltr'>sinistro</span> <span class='ocrx_word' id='word_1_25' title='bbox 550 748 643 788; x_wconf 90' lang='lat' dir='ltr'>cornu</span> <span class='ocrx_word' id='word_1_26' title='bbox 670 728 770 789; x_wconf 88' lang='lat' dir='ltr'>altaris</span> <span class='ocrx_word' id='word_1_27' title='bbox 795 730 833 789; x_wconf 92' lang='lat' dir='ltr'>de</span> <span class='ocrx_word' id='word_1_28' title='bbox 861 729 1007 805; x_wconf 86' lang='lat' dir='ltr'>sanguine</span> <span class='ocrx_word' id='word_1_29' title='bbox 1035 726 1138 787; x_wconf 91' lang='lat' dir='ltr'>christi</span> <span class='ocrx_word' id='word_1_30' title='bbox 1166 730 1412 789; x_wconf 88' lang='lat' dir='ltr'>communicent.</span> 
     </span>
     <span class='ocr_line' id='line_1_5' title="bbox 204 807 1415 887; baseline -0.002 -17"><span class='ocrx_word' id='word_1_31' title='bbox 204 812 360 870; x_wconf 88' lang='lat' dir='ltr'>uenientes</span> <span class='ocrx_word' id='word_1_32' title='bbox 376 808 555 869; x_wconf 88' lang='lat' dir='ltr'>subdiaconi</span> <span class='ocrx_word' id='word_1_33' title='bbox 571 809 732 869; x_wconf 86' lang='lat' dir='ltr'>ordinatim</span> <span class='ocrx_word' id='word_1_34' title='bbox 748 856 756 871; x_wconf 88' lang='lat'>.</span> <span class='ocrx_word' id='word_1_35' title='bbox 772 807 924 887; x_wconf 87' lang='lat' dir='ltr'>accipiant</span> <span class='ocrx_word' id='word_1_36' title='bbox 939 807 1113 886; x_wconf 86' lang='lat' dir='ltr'>sanguinem</span> <span class='ocrx_word' id='word_1_37' title='bbox 1136 807 1240 869; x_wconf 88' lang='lat' dir='ltr'>christi</span> <span class='ocrx_word' id='word_1_38' title='bbox 1260 811 1299 871; x_wconf 89' lang='lat' dir='ltr'>ab</span> <span class='ocrx_word' id='word_1_39' title='bbox 1320 809 1415 869; x_wconf 86' lang='lat' dir='ltr'>archi-</span> 
     </span>
     <span class='ocr_line' id='line_1_6' title="bbox 205 888 1414 952; baseline 0 -1"><span class='ocrx_word' id='word_1_40' title='bbox 205 892 335 951; x_wconf 83' lang='lat' dir='ltr'>diacono</span> <span class='ocrx_word' id='word_1_41' title='bbox 357 910 478 950; x_wconf 91' lang='lat' dir='ltr'>manum</span> <span class='ocrx_word' id='word_1_42' title='bbox 499 892 563 951; x_wconf 89' lang='lat' dir='ltr'>eius</span> <span class='ocrx_word' id='word_1_43' title='bbox 584 892 780 952; x_wconf 90' lang='lat' dir='ltr'>osculantes.</span> <span class='ocrx_word' id='word_1_44' title='bbox 801 893 842 951; x_wconf 93' lang='lat' dir='ltr'>Et</span> <span class='ocrx_word' id='word_1_45' title='bbox 864 891 937 950; x_wconf 92' lang='lat' dir='ltr'>item</span> <span class='ocrx_word' id='word_1_46' title='bbox 961 888 1175 950; x_wconf 89' lang='lat' dir='ltr'>archidiacono</span> <span class='ocrx_word' id='word_1_47' title='bbox 1196 888 1284 951; x_wconf 90' lang='lat' dir='ltr'>nimis</span> <span class='ocrx_word' id='word_1_48' title='bbox 1308 898 1414 951; x_wconf 88' lang='lat' dir='ltr'>caute1</span> 
     </span>
     <span class='ocr_line' id='line_1_7' title="bbox 205 970 1412 1050; baseline 0 -19"><span class='ocrx_word' id='word_1_49' title='bbox 205 972 427 1050; x_wconf 89' lang='lat' dir='ltr'>procurandum</span> <span class='ocrx_word' id='word_1_50' title='bbox 449 982 494 1032; x_wconf 92' lang='lat' dir='ltr'>est</span> <span class='ocrx_word' id='word_1_51' title='bbox 514 992 553 1032; x_wconf 93' lang='lat' dir='ltr'>ne</span> <span class='ocrx_word' id='word_1_52' title='bbox 574 970 647 1048; x_wconf 93' lang='lat' dir='ltr'>quid</span> <span class='ocrx_word' id='word_1_53' title='bbox 668 971 699 1031; x_wconf 90' lang='lat' dir='ltr'>in</span> <span class='ocrx_word' id='word_1_54' title='bbox 721 971 815 1032; x_wconf 91' lang='lat' dir='ltr'>calice</span> <span class='ocrx_word' id='word_1_55' title='bbox 836 983 888 1032; x_wconf 89' lang='lat' dir='ltr'>aut</span> <span class='ocrx_word' id='word_1_56' title='bbox 909 970 1014 1049; x_wconf 85' lang='lat' dir='ltr'>patina</span> <span class='ocrx_word' id='word_1_57' title='bbox 1034 970 1186 1049; x_wconf 85' lang='lat' dir='ltr'>sanguinis</span> <span class='ocrx_word' id='word_1_58' title='bbox 1208 971 1258 1031; x_wconf 90' lang='lat' dir='ltr'>uel</span> <span class='ocrx_word' id='word_1_59' title='bbox 1279 972 1412 1049; x_wconf 90' lang='lat' dir='ltr'>corporis</span> 
     </span>
     <span class='ocr_line' id='line_1_8' title="bbox 205 1051 1414 1130; baseline -0.002 -17"><span class='ocrx_word' id='word_1_60' title='bbox 205 1051 307 1113; x_wconf 86' lang='lat' dir='ltr'>christi</span> <span class='ocrx_word' id='word_1_61' title='bbox 320 1065 491 1114; x_wconf 87' lang='lat' dir='ltr'>remaneat.</span> <span class='ocrx_word' id='word_1_62' title='bbox 509 1054 568 1113; x_wconf 92' lang='lat' dir='ltr'>His</span> <span class='ocrx_word' id='word_1_63' title='bbox 588 1053 689 1129; x_wconf 90' lang='lat' dir='ltr'>itaque</span> <span class='ocrx_word' id='word_1_64' title='bbox 710 1053 857 1130; x_wconf 84' lang='lat' dir='ltr'>peractis²</span> <span class='ocrx_word' id='word_1_65' title='bbox 873 1100 880 1113; x_wconf 94' lang='lat'>.</span> <span class='ocrx_word' id='word_1_66' title='bbox 896 1054 957 1113; x_wconf 90' lang='lat' dir='ltr'>duo</span> <span class='ocrx_word' id='word_1_67' title='bbox 971 1052 1092 1112; x_wconf 90' lang='lat' dir='ltr'>diaconi</span> <span class='ocrx_word' id='word_1_68' title='bbox 1112 1052 1329 1129; x_wconf 87' lang='lat' dir='ltr'>complicantes</span> <span class='ocrx_word' id='word_1_69' title='bbox 1350 1072 1414 1113; x_wconf 91' lang='lat' dir='ltr'>cor·</span> 
     </span>
     <span class='ocr_line' id='line_1_9' title="bbox 207 1132 1413 1212; baseline -0.002 -17"><span class='ocrx_word' id='word_1_70' title='bbox 207 1135 311 1212; x_wconf 90' lang='lat' dir='ltr'>porale</span> <span class='ocrx_word' id='word_1_71' title='bbox 328 1145 444 1211; x_wconf 90' lang='lat' dir='ltr'>ponant</span> <span class='ocrx_word' id='word_1_72' title='bbox 463 1153 552 1211; x_wconf 90' lang='lat' dir='ltr'>super</span> <span class='ocrx_word' id='word_1_73' title='bbox 571 1133 716 1195; x_wconf 88' lang='lat' dir='ltr'>calicem.</span> <span class='ocrx_word' id='word_1_74' title='bbox 733 1135 832 1194; x_wconf 88' lang='lat' dir='ltr'>fistula</span> <span class='ocrx_word' id='word_1_75' title='bbox 851 1134 952 1194; x_wconf 89' lang='lat' dir='ltr'>adhuc</span> <span class='ocrx_word' id='word_1_76' title='bbox 970 1132 1002 1193; x_wconf 92' lang='lat' dir='ltr'>in</span> <span class='ocrx_word' id='word_1_77' title='bbox 1021 1152 1059 1193; x_wconf 92' lang='lat' dir='ltr'>eo</span> <span class='ocrx_word' id='word_1_78' title='bbox 1076 1143 1272 1195; x_wconf 86' lang='lat' dir='ltr'>remanente.</span> <span class='ocrx_word' id='word_1_79' title='bbox 1289 1136 1413 1194; x_wconf 85' lang='lat' dir='ltr'>Interim</span> 
     </span>
     <span class='ocr_line' id='line_1_10' title="bbox 207 1214 1412 1293; baseline -0.001 -19"><span class='ocrx_word' id='word_1_80' title='bbox 207 1225 308 1275; x_wconf 86' lang='lat' dir='ltr'>autem</span> <span class='ocrx_word' id='word_1_81' title='bbox 322 1225 460 1275; x_wconf 90' lang='lat' dir='ltr'>cantetur</span> <span class='ocrx_word' id='word_1_82' title='bbox 483 1220 585 1293; x_wconf 86' lang='lat' dir='ltr'>Agnus</span> <span class='ocrx_word' id='word_1_83' title='bbox 606 1215 675 1275; x_wconf 92' lang='lat' dir='ltr'>dei.</span> <span class='ocrx_word' id='word_1_84' title='bbox 694 1225 724 1275; x_wconf 89' lang='lat' dir='ltr'>et</span> <span class='ocrx_word' id='word_1_85' title='bbox 745 1235 804 1293; x_wconf 69' lang='lat' dir='ltr'>que</span> <span class='ocrx_word' id='word_1_86' title='bbox 826 1227 899 1274; x_wconf 89' lang='lat' dir='ltr'>tunc</span> <span class='ocrx_word' id='word_1_87' title='bbox 915 1214 1054 1275; x_wconf 86' lang='lat' dir='ltr'>canenda</span> <span class='ocrx_word' id='word_1_88' title='bbox 1075 1226 1144 1274; x_wconf 91' lang='lat' dir='ltr'>sunt</span> <span class='ocrx_word' id='word_1_89' title='bbox 1159 1262 1166 1276; x_wconf 87' lang='lat'>.</span> <span class='ocrx_word' id='word_1_90' title='bbox 1182 1214 1293 1273; x_wconf 91' lang='lat' dir='ltr'>dehinc</span> <span class='ocrx_word' id='word_1_91' title='bbox 1307 1234 1412 1276; x_wconf 91' lang='lat' dir='ltr'>omnes</span> 
     </span>
     <span class='ocr_line' id='line_1_11' title="bbox 206 1295 1412 1375; baseline 0 -20"><span class='ocrx_word' id='word_1_92' title='bbox 206 1296 289 1356; x_wconf 84' lang='lat' dir='ltr'>iam³</span> <span class='ocrx_word' id='word_1_93' title='bbox 303 1296 607 1356; x_wconf 90' lang='lat' dir='ltr'>communicauerint.</span> <span class='ocrx_word' id='word_1_94' title='bbox 622 1296 758 1357; x_wconf 92' lang='lat' dir='ltr'>Acolitus</span> <span class='ocrx_word' id='word_1_95' title='bbox 773 1296 824 1375; x_wconf 93' lang='lat' dir='ltr'>qui</span> <span class='ocrx_word' id='word_1_96' title='bbox 839 1297 972 1373; x_wconf 89' lang='lat' dir='ltr'>patinam</span> <span class='ocrx_word' id='word_1_97' title='bbox 987 1308 1086 1373; x_wconf 91' lang='lat' dir='ltr'>portat</span> <span class='ocrx_word' id='word_1_98' title='bbox 1104 1296 1134 1354; x_wconf 93' lang='lat' dir='ltr'>in</span> <span class='ocrx_word' id='word_1_99' title='bbox 1150 1295 1298 1355; x_wconf 90' lang='lat' dir='ltr'>sinistram</span> <span class='ocrx_word' id='word_1_100' title='bbox 1312 1295 1412 1355; x_wconf 89' lang='lat' dir='ltr'>altaris</span> 
     </span>
     <span class='ocr_line' id='line_1_12' title="bbox 207 1377 1412 1455; baseline 0 -18"><span class='ocrx_word' id='word_1_101' title='bbox 207 1388 322 1454; x_wconf 86' lang='lat' dir='ltr'>partem</span> <span class='ocrx_word' id='word_1_102' title='bbox 350 1396 499 1455; x_wconf 83' lang='lat' dir='ltr'>pergens.</span> <span class='ocrx_word' id='word_1_103' title='bbox 517 1396 586 1436; x_wconf 91' lang='lat' dir='ltr'>cum</span> <span class='ocrx_word' id='word_1_104' title='bbox 615 1377 800 1439; x_wconf 89' lang='lat' dir='ltr'>subdiacono</span> <span class='ocrx_word' id='word_1_105' title='bbox 828 1377 973 1437; x_wconf 89' lang='lat' dir='ltr'>consistat</span> <span class='ocrx_word' id='word_1_106' title='bbox 991 1421 999 1439; x_wconf 92' lang='lat'>.</span> <span class='ocrx_word' id='word_1_107' title='bbox 1015 1378 1146 1437; x_wconf 90' lang='lat' dir='ltr'>Sedente</span> <span class='ocrx_word' id='word_1_108' title='bbox 1168 1396 1239 1438; x_wconf 90' lang='lat' dir='ltr'>uero</span> <span class='ocrx_word' id='word_1_109' title='bbox 1268 1378 1412 1453; x_wconf 92' lang='lat' dir='ltr'>episcopo</span> 
     </span>
     <span class='ocr_line' id='line_1_13' title="bbox 209 1457 1412 1536; baseline -0.002 -17"><span class='ocrx_word' id='word_1_110' title='bbox 209 1459 374 1519; x_wconf 89' lang='lat' dir='ltr'>secundum</span> <span class='ocrx_word' id='word_1_111' title='bbox 394 1458 562 1535; x_wconf 90' lang='lat' dir='ltr'>predictum</span> <span class='ocrx_word' id='word_1_112' title='bbox 584 1458 720 1519; x_wconf 90' lang='lat' dir='ltr'>ordinem</span> <span class='ocrx_word' id='word_1_113' title='bbox 743 1457 783 1520; x_wconf 93' lang='lat' dir='ltr'>iii.</span> <span class='ocrx_word' id='word_1_114' title='bbox 806 1458 908 1518; x_wconf 88' lang='lat' dir='ltr'>acoliti</span> <span class='ocrx_word' id='word_1_115' title='bbox 929 1458 1089 1536; x_wconf 83' lang='lat' dir='ltr'>genuflexo</span> <span class='ocrx_word' id='word_1_116' title='bbox 1105 1468 1176 1518; x_wconf 91' lang='lat' dir='ltr'>ante</span> <span class='ocrx_word' id='word_1_117' title='bbox 1196 1478 1263 1518; x_wconf 90' lang='lat' dir='ltr'>eum</span> <span class='ocrx_word' id='word_1_118' title='bbox 1278 1503 1286 1519; x_wconf 94' lang='lat'>.</span> <span class='ocrx_word' id='word_1_119' title='bbox 1303 1478 1412 1533; x_wconf 87' lang='lat' dir='ltr'>aquarn</span> 
     </span>
     <span class='ocr_line' id='line_1_14' title="bbox 208 1539 1413 1617; baseline -0.001 -18"><span class='ocrx_word' id='word_1_120' title='bbox 208 1539 347 1600; x_wconf 89' lang='lat' dir='ltr'>manibus</span> <span class='ocrx_word' id='word_1_121' title='bbox 368 1540 559 1600; x_wconf 91' lang='lat' dir='ltr'>ministrant.</span> <span class='ocrx_word' id='word_1_122' title='bbox 578 1539 662 1600; x_wconf 93' lang='lat' dir='ltr'>Lotis</span> <span class='ocrx_word' id='word_1_123' title='bbox 690 1550 792 1616; x_wconf 83' lang='lat' dir='ltr'>autem</span> <span class='ocrx_word' id='word_1_124' title='bbox 818 1540 979 1599; x_wconf 89' lang='lat' dir='ltr'>manibus.</span> <span class='ocrx_word' id='word_1_125' title='bbox 996 1551 1138 1612; x_wconf 76' lang='lat' dir='ltr'>surgente</span> <span class='ocrx_word' id='word_1_126' title='bbox 1158 1541 1303 1617; x_wconf 89' lang='lat' dir='ltr'>episcopo</span> <span class='ocrx_word' id='word_1_127' title='bbox 1319 1587 1326 1601; x_wconf 96' lang='lat'>.</span> <span class='ocrx_word' id='word_1_128' title='bbox 1343 1560 1413 1599; x_wconf 93' lang='lat' dir='ltr'>con-</span> 
     </span>
     <span class='ocr_line' id='line_1_15' title="bbox 208 1619 1414 1698; baseline -0.001 -18"><span class='ocrx_word' id='word_1_129' title='bbox 208 1632 343 1681; x_wconf 87' lang='lat' dir='ltr'>uertente</span> <span class='ocrx_word' id='word_1_130' title='bbox 364 1639 396 1679; x_wconf 91' lang='lat' dir='ltr'>se</span> <span class='ocrx_word' id='word_1_131' title='bbox 417 1621 456 1681; x_wconf 89' lang='lat' dir='ltr'>ad</span> <span class='ocrx_word' id='word_1_132' title='bbox 478 1623 622 1698; x_wconf 90' lang='lat' dir='ltr'>populum</span> <span class='ocrx_word' id='word_1_133' title='bbox 643 1630 675 1681; x_wconf 91' lang='lat' dir='ltr'>et</span> <span class='ocrx_word' id='word_1_134' title='bbox 695 1620 837 1683; x_wconf 92' lang='lat' dir='ltr'>dicente.</span> <span class='ocrx_word' id='word_1_135' title='bbox 855 1619 995 1682; x_wconf 90' lang='lat' dir='ltr'>dominus</span> <span class='ocrx_word' id='word_1_136' title='bbox 1017 1620 1195 1681; x_wconf 88' lang='lat' dir='ltr'>uobiscum.</span> <span class='ocrx_word' id='word_1_137' title='bbox 1211 1621 1414 1681; x_wconf 91' lang='lat' dir='ltr'>subdiaconus</span> 
     </span>
     <span class='ocr_line' id='line_1_16' title="bbox 209 1698 1414 1779; baseline -0.001 -17"><span class='ocrx_word' id='word_1_138' title='bbox 209 1722 279 1762; x_wconf 92' lang='lat' dir='ltr'>cum</span> <span class='ocrx_word' id='word_1_139' title='bbox 303 1698 396 1761; x_wconf 89' lang='lat' dir='ltr'>calice</span> <span class='ocrx_word' id='word_1_140' title='bbox 409 1748 416 1763; x_wconf 94' lang='lat'>.</span> <span class='ocrx_word' id='word_1_141' title='bbox 429 1713 459 1761; x_wconf 91' lang='lat' dir='ltr'>et</span> <span class='ocrx_word' id='word_1_142' title='bbox 475 1704 601 1763; x_wconf 90' lang='lat' dir='ltr'>acolitus</span> <span class='ocrx_word' id='word_1_143' title='bbox 622 1722 690 1762; x_wconf 90' lang='lat' dir='ltr'>cum</span> <span class='ocrx_word' id='word_1_144' title='bbox 716 1701 840 1779; x_wconf 87' lang='lat' dir='ltr'>patina.</span> <span class='ocrx_word' id='word_1_145' title='bbox 857 1702 918 1762; x_wconf 71' lang='lat' dir='ltr'>una</span> <span class='ocrx_word' id='word_1_146' title='bbox 936 1722 1005 1761; x_wconf 91' lang='lat' dir='ltr'>cum</span> <span class='ocrx_word' id='word_1_147' title='bbox 1031 1700 1209 1761; x_wconf 90' lang='lat' dir='ltr'>diaconibus</span> <span class='ocrx_word' id='word_1_148' title='bbox 1232 1720 1265 1761; x_wconf 88' lang='lat' dir='ltr'>se</span> <span class='ocrx_word' id='word_1_149' title='bbox 1290 1721 1414 1762; x_wconf 91' lang='lat' dir='ltr'>conuer-</span> 
     </span>
     <span class='ocr_line' id='line_1_17' title="bbox 210 1781 1415 1861; baseline 0 -18"><span class='ocrx_word' id='word_1_150' title='bbox 210 1782 269 1843; x_wconf 87' lang='lat' dir='ltr'>suri</span> <span class='ocrx_word' id='word_1_151' title='bbox 296 1795 365 1843; x_wconf 91' lang='lat' dir='ltr'>sunt</span> <span class='ocrx_word' id='word_1_152' title='bbox 386 1828 393 1843; x_wconf 96' lang='lat'>.</span> <span class='ocrx_word' id='word_1_153' title='bbox 418 1784 555 1861; x_wconf 90' lang='lat' dir='ltr'>Cumque</span> <span class='ocrx_word' id='word_1_154' title='bbox 583 1782 743 1861; x_wconf 87' lang='lat' dir='ltr'>episcopus</span> <span class='ocrx_word' id='word_1_155' title='bbox 776 1785 934 1844; x_wconf 81' lang='lat' dir='ltr'>collectam</span> <span class='ocrx_word' id='word_1_156' title='bbox 961 1782 1098 1843; x_wconf 88' lang='lat' dir='ltr'>finierit.</span> <span class='ocrx_word' id='word_1_157' title='bbox 1125 1792 1155 1842; x_wconf 89' lang='lat' dir='ltr'>et</span> <span class='ocrx_word' id='word_1_158' title='bbox 1189 1781 1335 1843; x_wconf 89' lang='lat' dir='ltr'>diaconus</span> <span class='ocrx_word' id='word_1_159' title='bbox 1368 1786 1415 1843; x_wconf 93' lang='lat' dir='ltr'>lte</span> 
     </span>
     <span class='ocr_line' id='line_1_18' title="bbox 209 1862 1414 1943; baseline 0 -20"><span class='ocrx_word' id='word_1_160' title='bbox 209 1864 301 1924; x_wconf 87' lang='lat' dir='ltr'>missa</span> <span class='ocrx_word' id='word_1_161' title='bbox 327 1876 394 1925; x_wconf 91' lang='lat' dir='ltr'>est.</span> <span class='ocrx_word' id='word_1_162' title='bbox 410 1874 440 1924; x_wconf 93' lang='lat' dir='ltr'>et</span> <span class='ocrx_word' id='word_1_163' title='bbox 468 1865 564 1925; x_wconf 90' lang='lat' dir='ltr'>clerus</span> <span class='ocrx_word' id='word_1_164' title='bbox 603 1865 662 1925; x_wconf 92' lang='lat' dir='ltr'>deo</span> <span class='ocrx_word' id='word_1_165' title='bbox 695 1864 804 1943; x_wconf 82' lang='lat' dir='ltr'>gratias</span> <span class='ocrx_word' id='word_1_166' title='bbox 837 1864 966 1926; x_wconf 84' lang='lat' dir='ltr'>dixerit.</span> <span class='ocrx_word' id='word_1_167' title='bbox 982 1864 1043 1924; x_wconf 91' lang='lat' dir='ltr'>duo</span> <span class='ocrx_word' id='word_1_168' title='bbox 1077 1862 1197 1924; x_wconf 89' lang='lat' dir='ltr'>diaconi</span> <span class='ocrx_word' id='word_1_169' title='bbox 1230 1864 1414 1941; x_wconf 90' lang='lat' dir='ltr'>accipientes</span> 
     </span>
     <span class='ocr_line' id='line_1_19' title="bbox 209 1944 1412 2023; baseline 0.001 -19"><span class='ocrx_word' id='word_1_170' title='bbox 209 1963 316 2005; x_wconf 88' lang='lat' dir='ltr'>manus</span> <span class='ocrx_word' id='word_1_171' title='bbox 344 1944 478 2022; x_wconf 90' lang='lat' dir='ltr'>episcopi</span> <span class='ocrx_word' id='word_1_172' title='bbox 505 1958 535 2006; x_wconf 89' lang='lat' dir='ltr'>et</span> <span class='ocrx_word' id='word_1_173' title='bbox 563 1946 769 2005; x_wconf 91' lang='lat' dir='ltr'>subdiaconus·</span> <span class='ocrx_word' id='word_1_174' title='bbox 787 1965 857 2006; x_wconf 89' lang='lat' dir='ltr'>cum</span> <span class='ocrx_word' id='word_1_175' title='bbox 879 1946 994 2006; x_wconf 87' lang='lat' dir='ltr'>calice.</span> <span class='ocrx_word' id='word_1_176' title='bbox 1011 1954 1042 2005; x_wconf 91' lang='lat' dir='ltr'>et</span> <span class='ocrx_word' id='word_1_177' title='bbox 1065 1944 1190 2004; x_wconf 90' lang='lat' dir='ltr'>acolitus</span> <span class='ocrx_word' id='word_1_178' title='bbox 1213 1962 1282 2003; x_wconf 85' lang='lat' dir='ltr'>cunr</span> <span class='ocrx_word' id='word_1_179' title='bbox 1308 1945 1412 2023; x_wconf 90' lang='lat' dir='ltr'>patina</span> 
     </span>
     <span class='ocr_line' id='line_1_20' title="bbox 211 2025 1415 2103; baseline -0.002 -16"><span class='ocrx_word' id='word_1_180' title='bbox 211 2046 281 2087; x_wconf 90' lang='lat' dir='ltr'>eum</span> <span class='ocrx_word' id='word_1_181' title='bbox 302 2027 516 2087; x_wconf 89' lang='lat' dir='ltr'>antecedentes</span> <span class='ocrx_word' id='word_1_182' title='bbox 534 2074 541 2087; x_wconf 90' lang='lat'>.</span> <span class='ocrx_word' id='word_1_183' title='bbox 557 2037 590 2085; x_wconf 91' lang='lat' dir='ltr'>ut</span> <span class='ocrx_word' id='word_1_184' title='bbox 611 2026 794 2103; x_wconf 88' lang='lat' dir='ltr'>prediximus</span> <span class='ocrx_word' id='word_1_185' title='bbox 819 2028 979 2087; x_wconf 88' lang='lat' dir='ltr'>intrantem</span> <span class='ocrx_word' id='word_1_186' title='bbox 995 2071 1002 2088; x_wconf 93' lang='lat'>.</span> <span class='ocrx_word' id='word_1_187' title='bbox 1017 2025 1059 2086; x_wconf 91' lang='lat' dir='ltr'>ita</span> <span class='ocrx_word' id='word_1_188' title='bbox 1086 2028 1141 2087; x_wconf 73' lang='lat' dir='ltr'>ut4</span> <span class='ocrx_word' id='word_1_189' title='bbox 1162 2038 1322 2085; x_wconf 84' lang='lat' dir='ltr'>exeuntem</span> <span class='ocrx_word' id='word_1_190' title='bbox 1346 2046 1415 2085; x_wconf 92' lang='lat' dir='ltr'>cum</span> 
     </span>
     <span class='ocr_line' id='line_1_21' title="bbox 211 2106 936 2185; baseline 0 -18"><span class='ocrx_word' id='word_1_191' title='bbox 211 2107 294 2167; x_wconf 90' lang='lat' dir='ltr'>omni</span> <span class='ocrx_word' id='word_1_192' title='bbox 314 2106 505 2185; x_wconf 90' lang='lat' dir='ltr'>processione</span> <span class='ocrx_word' id='word_1_193' title='bbox 525 2108 565 2168; x_wconf 94' lang='lat' dir='ltr'>ad</span> <span class='ocrx_word' id='word_1_194' title='bbox 585 2106 744 2167; x_wconf 90' lang='lat' dir='ltr'>sacrarium</span> <span class='ocrx_word' id='word_1_195' title='bbox 767 2108 936 2169; x_wconf 83' lang='lat' dir='ltr'>reducant.⁵</span> 
     </span>
    </p>
   </div>
   <div class='ocr_carea' id='block_1_3' title="bbox 212 2277 1422 2802">
    <p class='ocr_par' dir='ltr' id='par_1_3' title="bbox 246 2277 897 2344">
     <span class='ocr_line' id='line_1_22' title="bbox 246 2277 897 2344; baseline -0.005 -15"><span class='ocrx_word' id='word_1_196' title='bbox 246 2284 253 2312; x_wconf 93' lang='lat'>¹</span> <span class='ocrx_word' id='word_1_197' title='bbox 273 2279 332 2330; x_wconf 92' lang='lat' dir='ltr'>MS.</span> <span class='ocrx_word' id='word_1_198' title='bbox 344 2280 478 2344; x_wconf 85' lang='lat' dir='ltr'>originally</span> <span class='ocrx_word' id='word_1_199' title='bbox 489 2286 576 2338; x_wconf 79' lang='lat' dir='ltr'>marte,</span> <span class='ocrx_word' id='word_1_200' title='bbox 589 2279 635 2327; x_wconf 90' lang='lat' dir='ltr'>but</span> <span class='ocrx_word' id='word_1_201' title='bbox 648 2277 689 2327; x_wconf 91' lang='lat' dir='ltr'>the</span> <span class='ocrx_word' id='word_1_202' title='bbox 700 2295 713 2326; x_wconf 87' lang='lat' dir='ltr'>s</span> <span class='ocrx_word' id='word_1_203' title='bbox 724 2278 745 2327; x_wconf 87' lang='lat' dir='ltr'>is</span> <span class='ocrx_word' id='word_1_204' title='bbox 756 2278 897 2343; x_wconf 84' lang='lat' dir='ltr'>expunged.</span> 
     </span>
    </p>

    <p class='ocr_par' dir='ltr' id='par_1_4' title="bbox 245 2345 613 2409">
     <span class='ocr_line' id='line_1_23' title="bbox 245 2345 613 2409; baseline -0.011 -13"><span class='ocrx_word' id='word_1_205' title='bbox 245 2348 255 2377; x_wconf 81' lang='lat'><strong>¹</strong></span> <span class='ocrx_word' id='word_1_206' title='bbox 273 2347 409 2396; x_wconf 88' lang='lat' dir='ltr'>Corrected</span> <span class='ocrx_word' id='word_1_207' title='bbox 421 2345 485 2393; x_wconf 83' lang='lat' dir='ltr'>from</span> <span class='ocrx_word' id='word_1_208' title='bbox 491 2351 613 2409; x_wconf 79' lang='lat' dir='ltr'>peractas.</span> 
     </span>
    </p>

    <p class='ocr_par' dir='ltr' id='par_1_5' title="bbox 246 2410 717 2461">
     <span class='ocr_line' id='line_1_24' title="bbox 246 2410 717 2461; baseline -0.009 0"><span class='ocrx_word' id='word_1_209' title='bbox 246 2411 401 2461; x_wconf 80' lang='lat' dir='ltr'>³Mabillon</span> <span class='ocrx_word' id='word_1_210' title='bbox 419 2411 464 2460; x_wconf 90' lang='lat' dir='ltr'>has</span> <span class='ocrx_word' id='word_1_211' title='bbox 481 2426 564 2459; x_wconf 85' lang='lat' dir='ltr'>omnes</span> <span class='ocrx_word' id='word_1_212' title='bbox 581 2425 637 2459; x_wconf 81' lang='lat' dir='ltr'>rum</span> <span class='ocrx_word' id='word_1_213' title='bbox 656 2410 717 2458; x_wconf 82' lang='lat' dir='ltr'>iam.</span> 
     </span>
    </p>

    <p class='ocr_par' dir='ltr' id='par_1_6' title="bbox 247 2472 931 2541">
     <span class='ocr_line' id='line_1_25' title="bbox 247 2472 931 2541; baseline -0.009 -15"><span class='ocrx_word' id='word_1_214' title='bbox 247 2479 257 2507; x_wconf 83' lang='lat'><strong>⁴</strong></span> <span class='ocrx_word' id='word_1_215' title='bbox 276 2477 389 2541; x_wconf 88' lang='lat' dir='ltr'>Perhaps</span> <span class='ocrx_word' id='word_1_216' title='bbox 405 2476 443 2525; x_wconf 85' lang='lat' dir='ltr'>sor</span> <span class='ocrx_word' id='word_1_217' title='bbox 461 2476 554 2524; x_wconf 82' lang='lat' dir='ltr'>itaet:</span> <span class='ocrx_word' id='word_1_218' title='bbox 571 2475 697 2524; x_wconf 92' lang='lat' dir='ltr'>Mabillon</span> <span class='ocrx_word' id='word_1_219' title='bbox 714 2474 759 2523; x_wconf 90' lang='lat' dir='ltr'>has</span> <span class='ocrx_word' id='word_1_220' title='bbox 776 2472 869 2537; x_wconf 87' lang='lat' dir='ltr'>simply</span> <span class='ocrx_word' id='word_1_221' title='bbox 886 2473 931 2521; x_wconf 85' lang='lat' dir='ltr'>ita.</span> 
     </span>
    </p>

    <p class='ocr_par' dir='ltr' id='par_1_7' title="bbox 246 2536 1419 2603">
     <span class='ocr_line' id='line_1_26' title="bbox 246 2536 1419 2603; baseline -0.005 -11.859"><span class='ocrx_word' id='word_1_222' title='bbox 246 2543 329 2591; x_wconf 90' lang='lat' dir='ltr'>⁵The</span> <span class='ocrx_word' id='word_1_223' title='bbox 346 2548 413 2591; x_wconf 91' lang='lat' dir='ltr'>recto</span> <span class='ocrx_word' id='word_1_224' title='bbox 430 2540 460 2590; x_wconf 84' lang='lat' dir='ltr'>of</span> <span class='ocrx_word' id='word_1_225' title='bbox 474 2541 516 2590; x_wconf 86' lang='lat' dir='ltr'>sol.</span> <span class='ocrx_word' id='word_1_226' title='bbox 536 2539 567 2603; x_wconf 83' lang='lat'>83</span> <span class='ocrx_word' id='word_1_227' title='bbox 588 2543 631 2589; x_wconf 85' lang='lat' dir='ltr'>has</span> <span class='ocrx_word' id='word_1_228' title='bbox 649 2540 713 2588; x_wconf 81' lang='lat' dir='ltr'>been</span> <span class='ocrx_word' id='word_1_229' title='bbox 732 2539 777 2589; x_wconf 81' lang='lat' dir='ltr'>left</span> <span class='ocrx_word' id='word_1_230' title='bbox 796 2538 883 2597; x_wconf 86' lang='lat' dir='ltr'>blank,</span> <span class='ocrx_word' id='word_1_231' title='bbox 896 2538 1006 2602; x_wconf 88' lang='lat' dir='ltr'>perhaps</span> <span class='ocrx_word' id='word_1_232' title='bbox 1024 2537 1085 2586; x_wconf 89' lang='lat' dir='ltr'>with</span> <span class='ocrx_word' id='word_1_233' title='bbox 1102 2536 1167 2587; x_wconf 90' lang='lat' dir='ltr'>the</span> <span class='ocrx_word' id='word_1_234' title='bbox 1160 2537 1287 2586; x_wconf 80' lang='lat' dir='ltr'>intention</span> <span class='ocrx_word' id='word_1_235' title='bbox 1304 2536 1359 2585; x_wconf 87' lang='lat' dir='ltr'>that</span> <span class='ocrx_word' id='word_1_236' title='bbox 1376 2537 1419 2586; x_wconf 89' lang='lat' dir='ltr'>the</span> 
     </span>
    </p>

    <p class='ocr_par' dir='ltr' id='par_1_8' title="bbox 212 2574 1422 2802">
     <span class='ocr_line' id='line_1_27' title="bbox 212 2574 1420 2678; baseline -0.007 -18"><span class='ocrx_word' id='word_1_237' title='bbox 212 2610 265 2660; x_wconf 83' lang='lat' dir='ltr'>first</span> <span class='ocrx_word' id='word_1_238' title='bbox 278 2608 377 2672; x_wconf 87' lang='lat' dir='ltr'>portion</span> <span class='ocrx_word' id='word_1_239' title='bbox 395 2606 424 2656; x_wconf 87' lang='lat' dir='ltr'>of</span> <span class='ocrx_word' id='word_1_240' title='bbox 438 2606 481 2656; x_wconf 89' lang='lat' dir='ltr'>the</span> <span class='ocrx_word' id='word_1_241' title='bbox 500 2605 590 2656; x_wconf 89' lang='lat' dir='ltr'>Canon</span> <span class='ocrx_word' id='word_1_242' title='bbox 606 2605 697 2655; x_wconf 89' lang='lat' dir='ltr'>should</span> <span class='ocrx_word' id='word_1_243' title='bbox 710 2604 742 2654; x_wconf 91' lang='lat' dir='ltr'>be</span> <span class='ocrx_word' id='word_1_244' title='bbox 758 2603 858 2655; x_wconf 87' lang='lat' dir='ltr'>written</span> <span class='ocrx_word' id='word_1_245' title='bbox 875 2574 909 2668; x_wconf 83' lang='lat' dir='ltr'>by</span> <span class='ocrx_word' id='word_1_246' title='bbox 920 2603 963 2656; x_wconf 91' lang='lat' dir='ltr'>the</span> <span class='ocrx_word' id='word_1_247' title='bbox 979 2618 1047 2652; x_wconf 89' lang='lat' dir='ltr'>same</span> <span class='ocrx_word' id='word_1_248' title='bbox 1064 2618 1154 2678; x_wconf 88' lang='lat' dir='ltr'>person</span> <span class='ocrx_word' id='word_1_249' title='bbox 1172 2602 1229 2652; x_wconf 90' lang='lat' dir='ltr'>who</span> <span class='ocrx_word' id='word_1_250' title='bbox 1246 2602 1336 2651; x_wconf 89' lang='lat' dir='ltr'>should</span> <span class='ocrx_word' id='word_1_251' title='bbox 1355 2602 1420 2652; x_wconf 85' lang='lat' dir='ltr'>have</span> 
     </span>
     <span class='ocr_line' id='line_1_28' title="bbox 213 2626 1422 2790; baseline -0.007 -65"><span class='ocrx_word' id='word_1_252' title='bbox 213 2626 338 2790; x_wconf 40' lang='lat' dir='ltr'>spppilier}3</span> <span class='ocrx_word' id='word_1_253' title='bbox 347 2674 389 2722; x_wconf 91' lang='lat' dir='ltr'>the</span> <span class='ocrx_word' id='word_1_254' title='bbox 405 2672 592 2787; x_wconf 59' lang='lat' dir='ltr'>dniilialssiid</span> <span class='ocrx_word' id='word_1_255' title='bbox 586 2672 658 2720; x_wconf 90' lang='lat' dir='ltr'>other</span> <span class='ocrx_word' id='word_1_256' title='bbox 675 2672 762 2720; x_wconf 82' lang='lat' dir='ltr'>letters</span> <span class='ocrx_word' id='word_1_257' title='bbox 780 2669 912 2721; x_wconf 76' lang='lat' dir='ltr'>omitted¹</span> <span class='ocrx_word' id='word_1_258' title='bbox 906 2685 931 2717; x_wconf 93' lang='lat' dir='ltr'>1n</span> <span class='ocrx_word' id='word_1_259' title='bbox 951 2669 993 2718; x_wconf 91' lang='lat' dir='ltr'>the</span> <span class='ocrx_word' id='word_1_260' title='bbox 1008 2668 1111 2733; x_wconf 80' lang='lat' dir='ltr'>portion</span> <span class='ocrx_word' id='word_1_261' title='bbox 1125 2669 1225 2718; x_wconf 88' lang='lat' dir='ltr'>written</span> <span class='ocrx_word' id='word_1_262' title='bbox 1239 2684 1272 2717; x_wconf 90' lang='lat' dir='ltr'>on</span> <span class='ocrx_word' id='word_1_263' title='bbox 1289 2668 1332 2717; x_wconf 87' lang='lat' dir='ltr'>the</span> <span class='ocrx_word' id='word_1_264' title='bbox 1347 2684 1422 2718; x_wconf 87' lang='lat' dir='ltr'>verso</span> 
     </span>
     <span class='ocr_line' id='line_1_29' title="bbox 215 2736 730 2802; baseline -0.01 -12"><span class='ocrx_word' id='word_1_265' title='bbox 215 2758 231 2790; x_wconf 92' lang='lat' dir='ltr'>o</span> <span class='ocrx_word' id='word_1_266' title='bbox 268 2756 284 2789; x_wconf 94' lang='lat' dir='ltr'>o</span> <span class='ocrx_word' id='word_1_267' title='bbox 339 2751 403 2802; x_wconf 82' lang='lat' dir='ltr'>3an</span> <span class='ocrx_word' id='word_1_268' title='bbox 467 2753 481 2786; x_wconf 89' lang='lat' dir='ltr'>e</span> <span class='ocrx_word' id='word_1_269' title='bbox 508 2753 523 2786; x_wconf 94' lang='grc' dir='ltr'>ο</span> <span class='ocrx_word' id='word_1_270' title='bbox 545 2736 629 2802; x_wconf 87' lang='lat' dir='ltr'>owing</span> <span class='ocrx_word' id='word_1_271' title='bbox 646 2752 730 2801; x_wconf 88' lang='lat' dir='ltr'>pages.</span> 
     </span>
    </p>
   </div>
   <div class='ocr_carea' id='block_1_4' title="bbox 0 0 1700 5250">
    <p class='ocr_par' dir='ltr' id='par_1_9' title="bbox 0 0 1700 5250">
     <span class='ocr_line' id='line_1_30' title="bbox 0 0 1700 5250; baseline 0 0"><span class='ocrx_word' id='word_1_272' title='bbox 0 0 1700 5250; x_wconf 95' lang='lat' dir='ltr'> </span> 
     </span>
    </p>
   </div>
  </div>
 </body>
</html>
