3375 5250
501 405 504 414 ’
613 423 932 476 aavaorcrronfas
950 428 1212 479 EPISCOPALES.

549 640 749 706 Dommcn
772 657 794 706 1.
819 655 922 708 num
947 656 1100 707 unciae
1124 644 1285 709 Domui.

378 777 447 841 Eus
478 777 534 858 qui
562 798 623 840 uos
650 787 684 840 et
715 779 833 861 prioris
871 779 1040 843 aduentus
1071 781 1180 860 gratia
1208 781 1379 862 reparauit
1396 831 1403 843 .
1419 790 1453 844 et
1484 781 1518 842 in

424 865 572 929 secundo
598 866 755 929 daturum
780 887 816 929 se
843 865 939 928 uobis
965 887 1106 947 regnum
1136 886 1212 930 cum
1240 867 1365 930 sanctis
1391 869 1520 948 angelis

309 951 521 1030 repromisit.
539 951 704 1015 aduentus
731 954 781 1016 sui
808 973 869 1017 uos
896 953 1131 1017 inlustratione
1155 954 1349 1018 sanctificet.
1399 955 1518 1018 Amen.

350 1039 496 1102 Vincula
537 1049 650 1102 uestra
691 1039 856 1104 dissoluat
897 1051 1079 1123 antequam
1110 1041 1246 1105 ueniat.
1264 1053 1303 1105 ut
1335 1041 1466 1106 liberati
1497 1063 1517 1104 a

306 1125 448 1190 uinculis
496 1135 709 1208 peccatorum
723 1177 730 1190 .
743 1126 885 1190 interriti
945 1128 1157 1191 tremendum
1204 1128 1275 1192 eius
1327 1129 1519 1210 expectetis

306 1215 499 1278 aduentum.
545 1212 661 1276 Amen.

353 1300 398 1364 Et
413 1319 514 1382 quem
539 1301 670 1362 uenisse
694 1300 727 1362 in
750 1300 846 1363 terris
869 1320 931 1383 pro
954 1310 1065 1365 uestra
1088 1303 1196 1366 salute
1219 1303 1378 1367 creditis.
1396 1311 1517 1366 uentu·

307 1408 449 1470 rumque
465 1388 497 1449 in
521 1387 679 1449 iudicium
701 1388 974 1451 sustinetis.eius
995 1391 1162 1453 aduentus
1187 1389 1329 1472 gloriam
1353 1390 1517 1472 impauidi

308 1474 500 1538 mereamini
531 1475 690 1538 contueri.
736 1474 856 1538 Amen.

351 1561 453 1645 Quod
481 1561 553 1643 ipse
578 1569 736 1642 prestare.

420 1818 654 1882 BENEDICTIO
679 1832 719 1881 IN
745 1831 907 1882 IEIUNIIS
929 1830 1139 1895 QUATTUOR
1163 1830 1385 1883 TEMPORUM.

313 1956 496 2084 BEnedic
508 1955 644 2019 domine
656 1952 819 2037 populum
835 1961 931 2016 tuum
944 1960 977 2015 et
993 1951 1156 2016 deuotum
1169 1953 1354 2017 misericors
1365 1952 1512 2035 respice.

410 2043 634 2107 humilitatem
673 2041 774 2103 uide.
793 2040 939 2119 gemitus
976 2040 1131 2122 suscipe.
1150 2039 1320 2120 [ieiunam
1349 2035 1419 2126 [fol.
1441 2057 1511 2119 39v.

304 2134 457 2215 tiumque
472 2149 588 2213 preces
607 2127 767 2191 exaudire
787 2127 925 2208 dignare
938 2177 945 2190 .
958 2126 1113 2191 dolentes
1131 2136 1272 2210 paterna
1295 2128 1422 2211 pietate
1437 2129 1514 2191 iube

304 2219 478 2285 consolari.
525 2217 643 2279 Amen.

350 2309 555 2371 Prostratum
573 2302 681 2365 alleua
695 2351 703 2365 .
717 2301 904 2382 dispersum
926 2320 1111 2383 congrega.
1122 2301 1311 2364 adunatum
1328 2321 1510 2364 conserua.

304 2396 504 2458 esurientem
534 2390 609 2454 ciba
640 2390 808 2452 sitientem
840 2396 944 2469 pota.
962 2407 1145 2469 omnesque
1175 2388 1277 2451 simul
1307 2389 1511 2452 caelestibus

303 2482 402 2546 donis
440 2475 654 2560 irriga.dele
692 2476 725 2537 in
767 2475 814 2537 eis
853 2494 988 2536 ornnem
1026 2474 1155 2556 peccati
1194 2473 1361 2537 maculam
1379 2484 1439 2537 .ut
1475 2484 1510 2536 te

303 2569 511 2653 gubernante
526 2565 570 2629 ad
586 2563 725 2647 gloriam
743 2562 941 2643 perueniant
960 2563 1208 2644 sempiternam.
1252 2560 1369 2624 Amen.

350 2655 539 2719 Humiliata
569 2652 630 2715 tibi
661 2650 812 2714 omnium
844 2650 956 2730 capita
986 2650 1128 2712 dextera
1158 2657 1237 2711 tuae
1267 2647 1511 2711 benedictionis

303 2742 497 2807 sanctifica.
514 2760 553 2803 ac
578 2736 810 2801 benedicendo
844 2746 984 2818 peccata
1014 2737 1152 2799 relaxa.
1169 2736 1343 2816 sanctique
1372 2736 1508 2816 spiritus

304 2830 442 2894 infunde
480 2828 743 2890 karismata.ut
780 2822 852 2885 sine
888 2822 957 2885 ulla
995 2822 1177 2894 ofsensione
1215 2822 1400 2885 maiestatis
1430 2831 1508 2886 tuae

304 2926 463 3000 precepta
497 2914 731 2993 adimpleant.
755 2919 789 2973 et
819 2910 862 2972 ad
900 2910 1005 2973 uitam
1043 2920 1215 2973 aeternam
1252 2918 1285 2972 te
1322 2908 1509 2973 auxiliante

302 3004 508 3087 perueniant.
564 3000 680 3063 Amm.

346 3091 448 3176 Quod
476 3090 546 3169 ipse
571 3097 718 3169 prestare
744 3084 1024 3199 dignetur.cuius
1049 3102 1201 3165 regnum.

600 3324 696 3386 ITEM
721 3322 958 3386 Beuuoiciuo
983 3333 1216 3386 oe1a1uu1o.

309 3462 445 3589 DEus
474 3460 548 3524 fons
576 3459 806 3541 indulgentiae
840 3457 1001 3540 suscipiat
1031 3457 1196 3540 propitius
1227 3455 1505 3519 lamentationem

421 3548 644 3612 abstinentiae
668 3556 807 3609 uestrae.
854 3547 972 3608 Amen.

346 3636 490 3720 Impleat
506 3636 607 3696 corda
630 3643 740 3696 uestra
763 3652 898 3695 suarum
916 3630 1212 3712 [delectationibus
1231 3629 1335 3692 hosti·
1361 3626 1432 3716 [fol.
1449 3647 1502 3709 40.

300 3746 394 3791 arum
411 3771 418 3786 .
435 3733 468 3785 et
492 3723 550 3784 det
576 3720 672 3783 uobis
698 3740 796 3801 posse
821 3721 889 3781 suis
913 3738 1028 3801 parere
1052 3718 1226 3799 preceptis.
1270 3717 1387 3782 Amen.

345 3812 395 3877 Ut
432 3809 521 3891 quod
560 3827 626 3870 non
657 3808 797 3888 potestis
832 3807 957 3868 carnali
994 3825 1039 3866 ex
1086 3803 1279 3867 infirmitate
1320 3805 1509 3888 percipere.

300 3900 403 3983 ipsius
424 3895 551 3977 gratiae
575 3894 728 3956 ubertate
755 3893 948 3955 mereamini
973 3890 1168 3971 adimplere.
1194 3890 1332 3955 Amen.

345 3983 446 4066 Quod
470 3983 541 4063 ipse
564 3991 712 4061 prestare
735 3980 901 4061 dignetur.

684 4191 922 4255 Beuaorcmo
947 4189 1127 4253 Snussnio.

300 4333 469 4462 ADesto
485 4329 697 4411 omnipotens
714 4328 795 4389 deus
811 4326 888 4389 huic
904 4325 1030 4426 populo
1053 4336 1112 4426 tuo
1133 4327 1263 4390 ieiuniis
1281 4328 1383 4391 hodie
1405 4332 1507 4393 sacris

407 4419 608 4481 informato.
626 4425 663 4478 ut
693 4413 752 4476 fiat
784 4413 847 4476 illis
878 4411 1090 4476 inluminatio
1120 4415 1264 4477 mentis.
1283 4424 1316 4478 et
1340 4418 1509 4498 reparatio

297 4508 414 4574 cordis.
460 4504 577 4567 Amen.
