3375 5250
295 441 342 505 138
691 448 934 500 BENEDICTIO
960 452 1114 501 VJDUAE.

297 623 375 668 cum
405 604 531 669 lumine
562 608 814 689 precedentium
841 610 944 675 choro
966 612 1134 693 uirginum
1154 619 1328 678 occurrat.
1346 612 1419 677 Nec
1447 634 1510 677 ex-

298 691 453 756 cludatur
482 713 560 756 cum
589 696 723 759 stultis.
741 699 801 762 sed
836 695 985 781 regalem
1021 700 1157 763 ianuam
1191 720 1269 763 cum
1299 702 1511 784 sapientibus

299 778 484 861 uirginibus
505 779 644 845 licenter
670 784 814 849 introeat
828 829 837 847 .
853 795 888 850 et
912 787 945 849 in
973 785 1053 868 agni
1077 787 1126 850 tui
1154 796 1318 871 perpetuo
1341 790 1508 852 comitatu

299 866 483 948 probabilis
510 888 668 933 mansura
694 871 851 937 castitate
877 883 1076 956 permaneat
1092 920 1102 939 .
1118 894 1187 957 per.

517 1100 602 1210 Post
617 1146 694 1219 hooc
712 1148 848 1231 inponas
862 1149 971 1238 puello
982 1151 1123 1234 pallium
1142 1161 1174 1216 et
1192 1151 1290 1219 do'cos.

303 1292 470 1419 ACcipe
492 1297 605 1379 puella
619 1300 903 1403 ‘pallium3'quod
925 1302 1073 1385 perieras
1095 1304 1168 1368 sine
1189 1306 1323 1370 macula
1346 1315 1426 1370 ante
1453 1306 1512 1369 tri-

409 1382 511 1448 bunal
534 1385 662 1449 domim
681 1396 785 1450 nostri
802 1389 896 1453 rhesu
912 1390 1047 1456 christi.
1060 1392 1113 1454 cui
1135 1390 1280 1457 flectitur
1299 1414 1400 1457 omne
1419 1412 1509 1475 genu

299 1466 495 1535 caelestium
517 1474 723 1538 terrestrium
746 1486 781 1539 et
803 1475 1008 1542 infernorum
1024 1528 1032 1544 .
1047 1480 1105 1562 qui
1127 1500 1205 1544 cum
1228 1489 1338 1564 patre..

525 1716 723 1807 [Benedictio
744 1720 885 1789 eiusdem
907 1721 1053 1805 uirginis
1074 1720 1123 1785 od
1142 1722 1289 1789 missam.
1349 1722 1419 1807 [fol.
1440 1721 1511 1788 160.

308 1863 503 1989 EFfunde
519 1871 657 1937 domine
678 1872 948 1938 benedictionem
971 1872 1149 1936 caelestem
1174 1893 1273 1956 super
1294 1874 1383 1937 hanc
1402 1874 1512 1937 samu-

412 1954 480 2019 lam
516 1966 611 2023 tuam
643 1981 792 2025 sororem
834 1970 984 2025 nostram
1000 2009 1009 2027 .
1024 1980 1112 2042 quae
1149 1982 1186 2024 se
1215 1961 1407 2025 bumiliauit
1445 1962 1511 2025 sub

299 2035 531 2109 dextera'tua.
575 2048 693 2113 Amen.

346 2127 490 2213 Protege
527 2154 602 2198 eam
633 2135 842 2217 protectione
876 2135 991 2198 diuina
1008 2184 1015 2200 .
1031 2134 1139 2219 fugiat
1169 2137 1325 2200 uniuersa
1358 2135 1506 2201 delicta.

300 2214 385 2279 sciat
411 2217 474 2282 sibi
501 2219 591 2283 bona
617 2224 784 2287 desideria
810 2230 1010 2305 preparata.
1027 2232 1065 2287 ut
1090 2224 1185 2306 regni
1212 2223 1366 2288 caelestis
1390 2232 1510 2288 sancta

300 2304 475 2384 conquirat
497 2305 595 2372 lucra.
641 2312 757 2374 Amen.

348 2390 469 2457 Pareat
498 2414 631 2479 semper
661 2398 785 2461 diuinis
815 2398 1026 2481 praeceptis.
1044 2406 1081 2461 ut
1110 2406 1144 2463 te
1175 2399 1359 2464 adiuuante
1395 2398 1511 2461 uincat

302 2475 458 2543 incendia
483 2485 591 2546 carnis
607 2531 615 2547 .
631 2504 833 2566 omnemque
857 2484 1030 2566 libidinem
1058 2504 1182 2567 prauae
1205 2486 1390 2571 uoluptatis
1413 2504 1513 2568 supe-

302 2572 352 2628 ret
376 2584 491 2631 amore
513 2572 679 2636 castitatis
692 2620 698 2636 .
712 2572 835 2636 habeat
858 2572 893 2653 in
915 2592 952 2636 se
974 2572 1085 2636 oleum
1110 2575 1367 2640 sanctitatis.et
1389 2571 1513 2637 letetur

302 2671 380 2714 cum
405 2653 618 2737 lampadibus
641 2660 865 2742 sempiternis,
911 2660 1028 2723 Amen.
1325 2727 1327 2729 ,

348 2739 467 2804 Gestet
490 2743 524 2806 in
548 2746 703 2810 manibus
726 2747 794 2810 suis
817 2747 907 2810 faces
931 2757 1064 2811 sanctas
1080 2797 1087 2811 .
1104 2756 1139 2811 et
1161 2749 1252 2830 apud
1280 2749 1450 2829 sapientes
1477 2759 1515 2811 et

304 2826 509 2892 castissimas
546 2833 676 2896 animas
714 2837 799 2899 duce
839 2834 965 2898 christo
999 2835 1136 2899 introire
1175 2846 1343 2900 mereatur
1376 2837 1512 2899 ianuam

303 2913 396 2995 regni
419 2918 563 2994 celestis.
607 2923 724 2985 Arnon.
1077 2933 1079 2935 ’

348 2999 450 3083 Quod
475 3005 548 3089 ipse
571 3019 743 3091 prestare.
760 3009 958 3074 Benedictio
981 3009 1035 3073 dei
1059 3011 1172 3092 patris.
1223 3026 1226 3032 ·

557 3439 703 3504 INCIPIT
726 3451 958 3502 BENEDICTIO
983 3448 1113 3500 UESTIS
1138 3447 1269 3523 UIDUIJJ.

375 3617 446 3680 Eus
469 3625 681 3681 aeternorum
705 3617 871 3680 bonorum
895 3615 1088 3678 fidelissime
1110 3616 1315 3697 promissor.
1331 3613 1516 3677 certissime

418 3705 705 3788 persolutor.qui
738 3705 978 3767 uestimentum
1018 3703 1165 3766 salutare
1204 3710 1239 3766 et
1280 3702 1516 3765 indumentum

304 3791 520 3856 iocunditatis
543 3792 792 3857 tuis'fidelibus
814 3789 997 3872 promisisti
1012 3839 1018 3852 .
1031 3789 1247 3852 clementiam
1271 3797 1365 3852 tuam
1388 3786 1516 3869 'suppli-

301 3880 385 3942 citer
421 3882 624 3944 exoramus.
644 3888 682 3942 ut
716 3879 799 3942 haec
829 3875 1043 3962 sindumenta
1070 3876 1295 3941 humilitatem
1335 3874 1516 3957 [sol.160v.

302 3967 414 4030 cordis
441 3976 475 4030 et
500 3975 734 4049 contemptum
762 3965 879 4028 mundi
904 3963 1282 4046 significantia.quibus
1304 3961 1431 4026 famula
1456 3969 1517 4024 tua

305 4064 423 4116 sancto
456 4054 632 4118 uisibiliter
665 4063 716 4117 est
754 4052 967 4115 informanda
1001 4051 1177 4134 proposito
1192 4101 1198 4114 .
1216 4050 1380 4133 propitius
1415 4048 1516 4111 bene·

303 4142 396 4204 dicas
412 4190 420 4206 .
434 4151 471 4206 ut
494 4141 614 4205 beatae
638 4140 812 4205 uiduitatis
835 4140 988 4203 habitum
1011 4158 1112 4221 quem
1131 4147 1166 4200 te
1187 4138 1357 4219 aspirante
1379 4155 1516 4215 suscep-

303 4238 379 4291 tura
402 4238 454 4292 est
473 4227 507 4294 te‘
527 4237 726 4312 protegente
745 4227 914 4290 custodiat
930 4272 939 4288 .
954 4236 989 4288 et
1007 4245 1109 4307 quam
1128 4226 1280 4288 uestibus
1303 4223 1516 4286 uenerandae

302 4315 533 4398 promissionis
564 4312 706 4380 induesl
736 4313 990 4397 temporaliter.
1006 4312 1107 4377 beata
1137 4310 1240 4376 facias
1275 4310 1517 4375 inmortalitate

304 4404 418 4466 uestiti
434 4452 441 4468 .
457 4423 529 4486 per.

821 4557 830 4608 ‚¹
848 4557 891 4620 leg.
905 4538 997 4605 induis.
1023 4542 1025 4545 ¹
