3375 5250
401 402 456 449 oa
477 401 608 450 srcrrs
631 400 841 450 orornunus
861 364 1163 451 eenamcenam.
1344 411 1390 461 123

740 571 834 637 Alia.

253 708 366 774 Xaudi
397 731 458 774 nos
489 729 670 794 quesumus
701 709 837 772 domine
867 710 956 785 deus
981 719 1096 773 noster
1117 717 1151 772 et
1177 728 1277 790 super
1300 706 1391 769 hunc

294 796 472 882 [famulum
518 807 613 861 tuum
658 796 1003 862 ill.benedictionem
1049 796 1183 878 spiritus
1227 791 1390 881 [fol142.

183 884 289 949 sancti
326 885 453 968 gratiae
491 884 707 948 sacerdotalis
744 882 881 947 effunde
911 883 1093 948 uirtutem.
1111 891 1148 946 ut
1179 902 1280 965 quem
1312 889 1392 945 tuae

183 972 319 1054 pietatis
341 973 532 1053 aspectibus
556 971 725 1035 offerimus
748 973 1034 1035 consecrandum.
1052 979 1214 1053 perpetua
1244 967 1390 1033 muneris

182 1058 231 1123 tui
254 1058 409 1141 largitate
432 1058 664 1143 prosequaris.
681 1078 740 1141 per
762 1058 947 1122 dominum.

460 1276 529 1339 Hic
551 1284 700 1339 mutatur
721 1276 825 1338 stola.
841 1275 989 1357 sequitur
1011 1275 1122 1339 aratia.

257 1433 380 1498 Omine
395 1435 559 1513 sanctae†
576 1446 671 1518 pater
685 1434 901 1517 omnipotens
917 1431 1098 1507 aeternae†
1114 1435 1214 1498 deus.
1229 1434 1394 1497 honorum

298 1532 481 1589 auctor.et
499 1523 695 1586 distributor
713 1521 864 1584 omnium
889 1522 1092 1603 dignitatum
1116 1542 1203 1604 quae
1224 1522 1286 1586 tibi
1309 1520 1394 1584 mili·

186 1616 284 1671 tant.
301 1630 360 1691 per
382 1618 417 1672 te
439 1608 616 1692 proficiunt
639 1610 816 1673 uniuersa.
833 1629 893 1692 per
915 1617 949 1673 te
969 1619 1089 1672 cuncta
1112 1609 1307 1672 firmantur.
1323 1628 1394 1672 am-

187 1693 341 1774 plificatis
365 1716 498 1779 semper
523 1697 556 1760 in
581 1696 699 1760 melius
723 1706 863 1760 naturae
887 1696 1057 1759 rationalis
1081 1696 1318 1760 incrementis.
1335 1715 1394 1777 per

186 1782 338 1846 ordinem
371 1804 520 1867 congrua
553 1785 681 1848 ratione
713 1784 937 1865 dispositum.
954 1785 1044 1846 unde
1077 1793 1112 1847 et
1145 1778 1394 1847 sacerdotales¹

186 1876 289 1950 atque
304 1870 412 1934 officia
431 1871 607 1936 leuitarum
625 1870 843 1934 sacramentis
862 1871 1012 1951 mysticis
1031 1870 1184 1935 instituta
1199 1878 1394 1934 creuerunt.

189 1964 226 2017 ut
258 1976 334 2021 cum
370 1958 545 2039 pontifices
576 1978 725 2021 summos
758 1959 913 2041 regendis
947 1956 1080 2039 populis
1114 1956 1393 2040 prefecisses.ad

187 2062 302 2106 eorum
319 2046 488 2110 societatis
506 2055 540 2111 et
559 2047 668 2127 operis
684 2045 935 2109 adiumentum.
949 2045 1120 2127 sequentis
1135 2044 1260 2109 ordinis
1280 2044 1393 2107 uiros.

188 2140 222 2191 et
237 2134 403 2196 secundae
425 2134 599 2216 dignitatis
623 2133 780 2215 eligeres,
795 2132 853 2197 Sic
875 2132 908 2193 in
936 2132 1073 2195 heremo
1096 2152 1154 2214 per
1177 2131 1394 2213 septuaginta

189 2216 335 2281 uirorum
359 2218 588 2303 [prudentium
613 2230 759 2283 mentem
792 2219 902 2302 moysi
925 2220 1078 2302 spiritum
1102 2240 1179 2301 pro·
1202 2215 1273 2304 [fol.
1302 2234 1392 2296 142v.

189 2307 481 2389 pagasti.quibus
515 2308 572 2371 ille
608 2307 816 2371 adiutoribus
855 2326 934 2369 usus
968 2307 1001 2368 in
1034 2306 1160 2388 populo
1178 2354 1186 2370 .
1204 2310 1394 2367 innumeras

190 2392 420 2457 multitudines
439 2394 535 2458 facile
556 2395 777 2477 gubernauit.
796 2392 852 2459 Sic
875 2392 908 2456 in
928 2393 1077 2457 eleazaro
1100 2403 1134 2457 et
1153 2392 1298 2457 ithamar
1321 2390 1395 2454 filiis

189 2497 290 2541 aaron
313 2491 473 2563 paternae
496 2481 713 2565 plenitudinis
736 2481 1002 2545 habundantiam
1033 2480 1242 2544 transfudisti
1258 2526 1266 2543 .
1282 2489 1320 2542 ut
1350 2480 1393 2542 ad

190 2565 317 2630 hostias
347 2568 509 2633 salutares
541 2580 574 2634 et
604 2568 835 2653 frequentioris
858 2567 956 2631 officii
986 2569 1148 2647 sacrum†
1172 2565 1392 2631 ministerium

189 2652 354 2719 sufficeret
377 2657 612 2722 sacerdotum.
630 2657 707 2720 Hac
738 2657 951 2740 prouidentia
982 2657 1119 2719 domine
1144 2655 1306 2738 apostolis
1336 2653 1395 2718 filii

189 2742 238 2803 tui
260 2743 415 2807 doctores
439 2744 515 2809 fidei
538 2745 678 2808 comites
708 2744 868 2809 addidisti
884 2792 891 2807 .
907 2745 1029 2825 quibus
1059 2743 1106 2806 illi
1136 2745 1251 2806 orbem
1282 2750 1393 2805 totum

190 2830 344 2892 secundis
376 2831 658 2913 predicationibus
696 2832 942 2914 impleuerunt.
961 2831 1176 2914 Quapropter
1210 2828 1395 2892 infirmitati

190 2925 324 2979 nostrae
361 2938 494 3002 quoque
527 2919 663 2982 domine
697 2937 878 3002 quesumus
911 2917 993 2980 haec
1026 2918 1220 2981 adiumenta
1252 2916 1394 2998 largire.

189 3003 246 3082 qui
277 3017 404 3085 quanto
427 3008 535 3089 magis
559 3006 740 3088 fragiliores
767 3026 883 3069 sumus
898 3054 905 3071 .
921 3013 1019 3069 tanto
1049 3005 1099 3067 his
1130 3005 1280 3086 pluribus
1310 3002 1396 3066 indi·

189 3092 403 3169 gemus.Da
437 3114 619 3175 quesumus
644 3094 869 3176 ¹omnipotens
905 3103 1000 3175 pater
1037 3093 1072 3154 in
1109 3091 1197 3154 hunc
1231 3089 1394 3154 famulum

190 3188 285 3239 tuum
328 3179 363 3240 ill
379 3229 385 3243 .
403 3180 588 3262 presbiterii
626 3181 826 3263 dignitatem
842 3229 849 3244 .
868 3181 992 3242 innoua
1026 3180 1058 3241 in
1100 3177 1282 3242 uisceribus
1323 3177 1394 3240 eius

190 3265 343 3344 spiritum
375 3271 586 3332 sanctitatis.
605 3278 642 3331 ut
676 3279 852 3351 acceptum
885 3287 905 3329 a
938 3277 972 3330 te
1002 3266 1085 3329 deus
1115 3267 1253 3328 secundi
1284 3265 1394 3328 meriti

191 3370 312 3415 munus
334 3355 509 3421 obtineat.
525 3355 766 3437 censuramque
789 3374 920 3418 morum
944 3351 1117 3438 exemlplo
1136 3373 1216 3415 suae
1233 3349 1304 3437 [fol.
1325 3366 1394 3432 143.

190 3444 452 3505 conuersationis
476 3444 645 3507 insinuet.
665 3442 717 3507 Sit
747 3443 872 3525 probus
895 3454 1092 3522 cooperator
1118 3441 1243 3503 ordinis
1267 3441 1395 3504 nostri.

190 3524 319 3590 eluceat
356 3530 389 3591 in
427 3551 468 3593 eo
505 3532 608 3594 totius
645 3529 752 3593 forma
789 3530 936 3593 iustitiae
951 3575 959 3591 .
977 3539 1013 3592 ut
1058 3527 1182 3591 bonam
1229 3527 1394 3590 rationem

189 3613 448 3695 dispensationis
485 3619 549 3680 sibi
586 3619 712 3696 credite
750 3616 939 3680 redditurus
956 3665 963 3679 .
980 3624 1136 3678 aeternae
1178 3612 1395 3678 beatitudinis

189 3703 338 3781 proemia
359 3716 582 3787 consequatur
599 3751 606 3766 .
623 3725 682 3788 per
704 3704 888 3769 dominum

231 3944 412 4009 Benedictio
434 3948 488 4010 uel
509 3948 699 4012 consecratio
725 3969 884 4012 manuum
909 3948 1103 4013 sacerdotis.
1120 3957 1195 4012 ante
1216 3947 1394 4011 unctionem

704 4036 879 4100 crismatis.

251 4161 380 4226 Enedic
402 4165 540 4228 domine
563 4174 597 4228 et
622 4163 793 4228 sanctifica
819 4165 881 4228 has
909 4185 1027 4228 manus
1054 4165 1236 4228 sacerdotis
1264 4165 1312 4229 tui
1336 4163 1396 4226 ill.

293 4251 337 4313 ad
361 4253 604 4315 consecrandas
634 4253 760 4315 hostias
790 4272 877 4333 quae
908 4272 969 4334 pro
996 4252 1126 4315 delictis
1156 4264 1259 4335 atque
1285 4250 1397 4332 negle-

189 4337 311 4414 gentiis
334 4339 450 4421 populi
474 4338 681 4402 offeruntur.
704 4349 739 4402 et
768 4340 811 4401 ad
842 4350 953 4403 cetera
979 4339 1208 4403 benedicenda
1238 4359 1326 4422 quae
1352 4336 1396 4399 ad

402 4485 409 4512 ¹
427 4485 484 4533 ordo
497 4484 639 4546 interlined,
654 4485 704 4534 and
716 4485 874 4535 sacerdotales
885 4484 980 4534 altered
991 4493 1019 4535 to
1028 4462 1191 4535 sacerdotalis
