3375 5250
617 417 672 467 AD
693 418 836 469 DUCEM
855 418 1189 471 CONSTITUENDUM

407 623 510 684 finita
531 625 659 684 oratime
678 626 727 684 hcc
745 625 805 684 tn'a
826 626 890 684 dux
911 643 941 684 se
960 631 1144 684 seruaturum
1167 625 1244 684 iuret
1262 631 1290 684 et
1309 626 1392 685 dicat.

303 759 422 885 HEc
449 759 506 820 tria
532 761 646 839 populo
673 759 835 820 christiano
864 768 894 819 et
921 758 996 818 mihi
1020 757 1163 820 subdito.
1179 758 1211 818 in
1233 757 1335 819 christi
1363 759 1429 819 iuro
1453 778 1510 818 no·

414 860 497 902 mrne
511 887 519 903 .

535 844 573 900 In
601 841 704 918 primis
731 851 765 900 ut
792 838 922 901 ecclesia
948 837 1020 900 dei.
1037 849 1068 899 et
1095 838 1194 899 omnis
1229 840 1359 918 populus
1393 840 1509 900 christi-

296 939 372 981 anus
387 966 395 982 .
409 941 512 984 ueram
541 940 648 999 pacem
668 933 773 982 nostro
800 919 922 981 arbitrio
950 920 982 980 in
1010 920 1094 980 omni
1116 932 1253 998 tempore
1277 931 1399 983 seruet.
1415 919 1508 983 Aliud

296 1012 330 1063 ut
357 1002 535 1080 rapacitates
563 1013 594 1064 et
621 1021 727 1064 omnes
754 1001 927 1079 iniquitates
955 1001 1096 1062 omnibus
1129 1002 1272 1080 gradibus
1308 1000 1509 1063 interdicam.

297 1083 440 1145 Tercium
455 1132 462 1147 .
477 1096 511 1146 ut
537 1085 569 1144 in
597 1085 738 1145 omnibus
765 1084 885 1144 iudiciis
907 1082 1073 1161 equitatem
1094 1093 1126 1143 et
1146 1083 1383 1144 misericordiam
1411 1085 1509 1161 preci·

296 1164 378 1243 piam
394 1211 402 1227 .
416 1176 450 1226 ut
477 1166 551 1226 mihi
575 1177 606 1227 et
632 1166 720 1226 uobis
757 1165 914 1241 indulgeat
941 1183 1026 1225 suam
1055 1164 1288 1225 misericordiam
1315 1166 1450 1226 clemens
1478 1175 1509 1225 et

296 1245 464 1308 misericors
485 1249 561 1309 deus
582 1247 634 1325 qui
655 1247 731 1308 uiuit
752 1258 783 1308 et
803 1257 918 1324 regnat.

803 1496 880 1557 Alia
893 1499 997 1558 oratio.

297 1648 387 1776 TE
397 1649 574 1709 inuocamus
583 1648 706 1709 domine
717 1659 821 1708 sancte
830 1657 917 1727 pater
926 1648 1117 1724 omnipotens
1126 1657 1229 1708 eterne
1237 1646 1508 1729 ldeus![f01.181v.

399 1741 434 1791 ut
461 1731 544 1790 hunc
571 1732 714 1790 famulum
741 1742 826 1789 tuum
842 1775 850 1791 .
867 1731 897 1788 N
913 1775 920 1790 .
936 1748 1026 1806 quem
1054 1739 1105 1791 tue
1135 1727 1240 1790 diuine
1274 1730 1508 1808 dispensationis

296 1811 328 1871 in
349 1811 515 1889 primordio
534 1813 713 1888 plasmatum
733 1829 829 1888 usque
849 1811 881 1870 in
898 1811 979 1870 hunc
999 1821 1170 1888 presentem
1191 1808 1272 1871 diem
1291 1809 1414 1870 iuuenili
1435 1811 1508 1872 flore

295 1894 439 1954 letantem
466 1911 601 1952 crescere
627 1891 804 1953 concessisti
819 1938 826 1953 .
841 1911 912 1951 eum
939 1902 991 1952 tue
1018 1891 1138 1968 pietatis
1169 1891 1252 1952 dono
1280 1892 1408 1953 ditatum
1424 1938 1430 1953 .
1446 1894 1509 1968 ple·

296 1973 433 2050 numque
458 1974 553 2051 gratia
580 1973 713 2033 ueritatis
726 1973 746 2034 ἕ
760 1973 798 2033 de
826 1972 877 2032 die
898 1973 929 2032 in
952 1973 1032 2033 diem
1048 2017 1055 2032 .
1070 1990 1171 2033 coram
1195 1974 1255 2034 deo
1276 1983 1307 2034 et
1334 1973 1507 2034 hominibus

297 2055 336 2116 ad
358 2055 482 2116 meliora
502 2074 620 2132 semper
640 2057 784 2131 proficere
803 2055 896 2113 facias
911 2100 918 2116 .
934 2064 968 2114 ut
988 2052 1097 2114 summi
1117 2056 1244 2115 ducatus
1266 2054 1397 2118 solium.
1412 2056 1508 2133 gratie

296 2155 426 2215 superne
446 2136 581 2213 largitate
601 2138 737 2213 gaudens
751 2134 911 2212 suscipiat.
924 2146 954 2195 et
968 2135 1170 2212 misericordie
1188 2146 1240 2196 tue
1256 2135 1370 2196 muro!
1380 2137 1418 2197 ab
1440 2137 1509 2198 hos-

296 2217 373 2279 tium
397 2216 577 2278 aduersitate
606 2217 739 2294 undique
762 2217 895 2276 munitus
911 2261 918 2276 .
932 2217 1054 2293 plebem
1079 2214 1136 2276 sibi
1155 2217 1315 2276 comissam
1339 2235 1507 2294 cumpace

297 2297 520 2378 propitiationis
537 2345 545 2361 .
560 2308 592 2359 et
612 2299 722 2359 uirtute
742 2297 869 2358 uictorie
890 2298 1016 2358 feliciter
1035 2316 1138 2375 regere
1158 2308 1307 2359 mereatur
1322 2344 1330 2360 .
1346 2299 1412 2360 Per.

798 2549 875 2610 Alia
895 2551 998 2613 oratio.

302 2704 431 2832 DEns
459 2701 512 2782 qui
539 2700 661 2781 populis
687 2699 747 2763 tuis
773 2701 883 2764 uirtute
911 2700 1042 2763 consulis
1070 2715 1101 2764 et
1133 2722 1237 2765 amore
1265 2704 1450 2769 dominaris.
1467 2709 1507 2768 da

408 2784 478 2846 hnic
498 2787 611 2847 famulo
636 2795 688 2845 tuo
713 2783 850 2863 spiritum
876 2784 1024 2863 sapientie
1047 2803 1116 2844 cum
1141 2784 1253 2845 ducatu
1277 2786 1458 2865 discipline.
1474 2800 1507 2848 ut

296 2865 353 2928 tibi
389 2877 454 2929 toto
489 2867 582 2927 corde
616 2868 744 2927 deuotus
778 2866 832 2926 ut¹
864 2866 991 2926 ducatus
1022 2863 1168 2942 regimine
1203 2879 1323 2928 maneat
1354 2869 1506 2929 idoneus.

296 2959 412 3025 tuoque
432 2967 557 3009 munere
578 2947 671 3025 ipsius
692 2947 834 3007 securitas
856 2945 983 3008 ecclesie
1004 2946 1166 3024 dirigatur.
1182 2959 1213 3008 et
1236 2946 1268 3007 in
1292 2949 1507 3026 tranquillitate

296 3028 421 3090 deuotio
448 3029 610 3090 christiana
638 3040 832 3105 permaneat.
848 3039 882 3089 ut
903 3027 935 3088 in
956 3028 1045 3089 bonis
1065 3027 1205 3105 operibus
1224 3049 1418 3105 perseuerans
1431 3032 1451 3093 ἴ
1466 3034 1506 3092 ad

296 3120 434 3173 eternum
455 3122 485 3173 te
505 3112 584 3173 duce
604 3112 705 3170 ualeat
725 3111 871 3171 ducatum
892 3109 1050 3188 peruenire
1066 3155 1073 3170 .
1087 3128 1141 3187 per
1155 3110 1321 3173 dominum.

749 3378 813 3438 ffic
830 3381 915 3438 detur
933 3380 1048 3440 anulus.

294 3523 470 3654 [Accipe
490 3525 612 3585 anulum
634 3523 819 3603 signaculum
840 3524 982 3587 uidelicet
1003 3535 1106 3587 sancte
1123 3526 1216 3587 fidei.
1232 3524 1332 3585 solidi·
1354 3522 1416 3607 [fol.
1437 3528 1505 3588 182.

414 3616 507 3667 tatem
537 3605 663 3667 ducatus
678 3652 686 3669 .
700 3617 897 3683 augmentum
925 3605 1081 3683 potentie.
1099 3626 1152 3684 per
1180 3626 1271 3683 quem
1299 3606 1376 3667 scias
1404 3605 1507 3667 trium-

295 3688 378 3766 phali
398 3687 535 3766 potentia
550 3688 653 3747 hostes
669 3688 814 3765 repellere
824 3734 831 3747 .
841 3689 962 3748 hereses
981 3689 1151 3749 destruere.
1164 3687 1300 3748 subditos
1317 3687 1505 3750 coadunare.

293 3779 325 3830 et
345 3769 494 3830 catholice
515 3768 587 3829 fidei
607 3767 874 3847 perseuerabilitati
894 3767 1015 3831 conecti
1029 3815 1037 3831 .
1052 3786 1105 3846 per
1119 3768 1283 3830 dominum.

582 4015 721 4091 Sequitur
738 4013 831 4074 oratio
846 4020 919 4089 post
935 4014 1037 4072 danem
1058 3988 1208 4074 aanrclum.

299 4175 428 4303 DEus
448 4174 533 4235 cuius
554 4185 599 4236 est
619 4176 717 4234 omnis
738 4183 872 4251 potestas
894 4182 924 4234 et
944 4172 1096 4251 dignitas.
1111 4171 1150 4232 da
1170 4173 1283 4233 famulo
1307 4180 1360 4232 tuo
1383 4170 1506 4249 proprie

404 4254 558 4333 dignitatis
590 4258 729 4317 effectum
744 4301 752 4317 .
767 4254 799 4314 in
830 4274 891 4331 qua
922 4264 953 4315 te
982 4265 1192 4315 remunerante
1222 4266 1397 4331 permaneat
1429 4273 1507 4315 sem-

292 4356 407 4416 perque
428 4336 553 4399 timeat.
569 4337 686 4415 tibique
706 4335 812 4415 iugiter
831 4336 952 4413 placere
971 4336 1158 4397 contendat.
1175 4354 1228 4413 per

829 4498 837 4529 ¹
856 4501 900 4565 leg.
915 4500 950 4551 in.
