3375 5250
297 448 331 497 90
654 437 910 489 CONSECRATIO
931 440 1148 490 ECCLESIAE.

296 606 332 660 te
349 599 404 679 pio
420 601 485 663 deo
500 600 646 681 benigne
669 603 919 685 suscipiantur
939 613 973 667 et
994 624 1054 686 per
1075 624 1115 667 ea
1138 613 1354 686 peccatorum
1377 611 1508 666 nostro-

298 705 371 748 rum
367 684 444 787 ..let
452 707 567 751 eorum
585 690 718 752 uincula
734 691 975 755 absoluantur
995 694 1125 769 macule
1141 692 1335 755 deleantur.
1347 690 1418 773 [fol.
1438 708 1509 773 109.

298 772 396 850 uenie
435 773 676 857 impetrentur.
693 778 801 877 gratie
848 780 1090 861 adquirantur.
1107 781 1265 861 quatinus
1314 799 1382 842 una
1429 798 1507 842 curn

297 862 422 924 sanctis
452 871 486 925 et
517 861 632 926 electis
665 865 731 927 tuis
768 869 874 929 uitam
908 866 1079 949 percipere
1109 877 1259 930 eternam
1297 886 1508 931 mereamur.

297 966 363 1027 per.

860 1130 952 1195 Alia.

305 1258 542 1385 DEscendat
571 1285 752 1345 quesumus
783 1265 920 1329 domine
950 1265 1032 1329 deus
1063 1276 1177 1331 noster
1199 1266 1335 1349 spiritus
1372 1275 1510 1330 sanctus

412 1358 489 1412 tuus
512 1371 613 1433 super
631 1352 695 1415 hoc
716 1352 844 1416 altare.
862 1354 919 1435 qui
942 1362 977 1416 et
1000 1355 1115 1436 populi
1139 1354 1187 1417 tui
1211 1356 1301 1417 dona
1323 1352 1510 1418 sanctificet

298 1442 332 1495 et
355 1438 559 1502 sumentium
582 1442 684 1503 corda
706 1440 886 1521 dignanter
908 1442 1094 1505 emundet.
1111 1461 1170 1523 per
1192 1442 1375 1504 dominum.

343 1610 460 1676 Finita
480 1614 626 1678 oratione
640 1664 647 1678 .
663 1614 794 1678 dantur
814 1614 1000 1696 antiphona.
1068 1587 1072 1593 Ι

345 1740 515 1808 Confirma
545 1745 609 1809 hoc
639 1746 722 1809 deus
751 1746 843 1828 quod
879 1753 1036 1828 operatus
1066 1767 1102 1810 es
1133 1749 1167 1810 in
1199 1747 1296 1811 nobis
1327 1768 1347 1809 a
1378 1742 1508 1825 templo

301 1840 418 1893 sancto
441 1843 500 1896 tuo
522 1833 614 1915 quod
637 1842 689 1897 est
712 1833 745 1896 in
767 1834 968 1896 hierusalem
985 1883 992 1897 .
1008 1834 1165 1899 alleluia.
1183 1833 1324 1899 alleluia.

301 2055 426 2121 Deinde
451 2059 568 2140 presul
600 2059 796 2122 commendet
830 2059 1012 2122 oratoriam
1048 2070 1158 2123 sancto
1195 2061 1230 2124 in
1267 2060 1361 2123 cuins
1396 2057 1516 2120 honore

665 2146 847 2210 dedicatum
869 2156 918 2209 ost
939 2148 988 2209 ita
1009 2146 1148 2211 dicendo.

305 2294 420 2419 TIbi
444 2293 589 2374 sanctel
572 2293 687 2370 †.ill.
703 2298 983 2362 commendamus
1006 2299 1095 2362 hanc
1118 2319 1232 2363 curam
1262 2298 1381 2380 templi
1412 2297 1512 2360 huius

409 2384 500 2464 quod
531 2385 802 2448 consecrauimus
832 2386 972 2450 domino
1003 2386 1068 2449 deo
1098 2396 1237 2450 nostro,
1253 2395 1290 2449 ut
1320 2385 1374 2449 hic
1411 2385 1511 2447 inter-

305 2488 417 2531 cessor
446 2471 596 2535 existas.
617 2491 731 2554 preces
762 2482 797 2535 et
827 2482 908 2536 uota
938 2472 1149 2537 offerentium
1187 2474 1242 2537 hic
1271 2473 1410 2536 domino
1447 2471 1513 2534 deo

304 2554 454 2619 conseras
470 2606 478 2621 .
494 2568 674 2641 custosque
712 2559 854 2641 peruigil
893 2571 928 2623 et
965 2560 1087 2623 ianitor
1124 2560 1377 2644 insegregabilis
1415 2558 1514 2621 huius

305 2645 426 2707 domus
444 2647 572 2709 domini
595 2667 787 2728 perseueres
802 2697 810 2712 .
828 2649 954 2712 inimici
976 2648 1115 2712 humani
1138 2650 1269 2730 generis
1290 2657 1514 2729 temptamen-

305 2732 349 2793 tis
365 2740 497 2795 scutum
521 2732 799 2816 interpellationis
822 2745 881 2813 tue
904 2756 1057 2818 opponas
1072 2783 1082 2800 .
1097 2757 1140 2798 ne
1163 2755 1299 2818 precum
1322 2744 1514 2798 sanctarum

305 2828 340 2881 et
378 2829 532 2883 uotorum
571 2821 624 2884 hic
663 2821 812 2886 fidelium
852 2823 1038 2886 malitiosus
1076 2823 1218 2886 infector
1255 2820 1514 2886 efficiatur.sed

305 2907 462 2969 omnibus
504 2908 628 2970 sanctis
668 2908 966 2973 interuenientibus
1004 2919 1105 2990 teque
1142 2910 1300 2992 precipue
1337 2909 1390 2972 cui
1428 2909 1514 2970 hanc

305 3013 418 3057 curam
449 2996 725 3059 commendamus
760 2995 1005 3060 interueniente
1043 2997 1164 3079 clypeo
1201 2995 1307 3060 diuini
1336 2995 1515 3059 tutaminis

305 3100 422 3144 omnes
438 3081 492 3144 hic
510 3091 643 3145 orantes
659 3082 908 3146 exaudiantur.
927 3082 1174 3168 Odolramenta
1190 3085 1313 3147 oratio·
1331 3078 1402 3168 [sol.
1420 3098 1514 3164 109v.

306 3187 387 3232 num
413 3168 520 3268 plebis
544 3169 756 3248 christiane
747 3191 782 3232 1n
807 3170 962 3234 libatorio
989 3171 1078 3234 uasis
1104 3171 1217 3236 aurei.
1234 3171 1388 3272 angelico
1413 3169 1515 3232 comi·

305 3258 429 3317 tatus'
421 3257 590 3318 ruuamine
613 3257 656 3319 ad
680 3257 785 3339 patris
808 3257 966 3321 thronum
987 3256 1162 3321 conseras.
1179 3257 1387 3340 precerisque
1407 3256 1515 3338 quati-

307 3362 369 3405 nus
400 3343 468 3425 iugi
507 3343 663 3406 dominus
695 3345 777 3406 deus
816 3356 930 3409 noster
964 3346 1088 3410 intuitu
1126 3346 1181 3408 hic
1218 3345 1445 3426 ingredientes
1483 3351 1518 3404 et

306 3441 440 3492 orantes
462 3431 547 3493 tueri
570 3441 605 3493 et
626 3430 813 3512 gubernare
836 3432 994 3515 dignetur
1008 3478 1016 3496 .
1032 3452 1092 3515 per
1109 3431 1284 3496 dominum
1308 3440 1470 3494 nostrum.

383 3606 504 3689 Incipit
525 3604 695 3669 benedictio
717 3605 766 3668 ad
783 3605 976 3669 uestimenta
997 3603 1207 3668 sacerdotalia
1228 3625 1282 3667 sen
1305 3603 1444 3668 lenitica.

312 3736 576 3868 OMnipotens
613 3735 817 3816 sempiterne
857 3736 940 3797 deus
956 3783 963 3798 .
981 3735 1038 3816 qui
1076 3754 1135 3815 per
1174 3753 1315 3817 moysen
1353 3731 1516 3796 famulum

423 3834 518 3887 tuum
542 3821 748 3905 pontificalia
778 3842 837 3885 seu
868 3821 1090 3885 sacerdotalia
1120 3830 1222 3902 atque
1252 3821 1387 3884 leuitica
1416 3819 1517 3883 uesti-

310 3920 448 3975 menta.
465 3911 508 3972 ad
536 3910 743 3992 explendum
770 3909 803 3971 in
834 3918 1017 3991 conspectu
1049 3919 1109 3972 tuo
1140 3908 1337 3991 mysterium
1364 3907 1517 3971 diuinum

310 4012 345 4062 et
386 3998 430 4060 ad
469 4000 625 4060 decorem
642 4044 650 4060 .
666 4016 724 4058 seu
763 3996 900 4060 laudern
935 3996 1080 4060 nominis
1118 3997 1167 4060 tui
1206 3992 1275 4057 fieri
1314 3993 1517 4058 decreuisti.

310 4087 428 4149 adesto
444 4084 608 4167 propitius
624 4083 894 4148 inuocationibus
914 4084 1056 4148 nostris.
1070 4093 1104 4146 et
1119 4084 1183 4160 hec
1198 4083 1397 4145 indumenta
1412 4100 1519 4143 sacer-

311 4172 438 4236 dotalia
465 4172 609 4253 desuper
632 4171 740 4254 gratia
766 4181 825 4234 tua
856 4171 1022 4252 inrigante
1048 4180 1107 4234 tua
1133 4169 1261 4250 ingenti
1286 4168 1520 4232 benedictione

310 4279 370 4342 per
397 4267 509 4336 nostre
539 4257 738 4322 humilitatis
762 4258 936 4322 seruitium
953 4307 960 4321 .
977 4257 1151 4340 purificare
1170 4305 1178 4320 .
1202 4255 1400 4319 benedicere
1417 4303 1425 4319 .
1442 4273 1521 4318 con-

312 4366 506 4428 secrareque
544 4346 714 4425 digneris.
732 4356 769 4409 ut
808 4345 931 4408 diuinis
961 4346 1108 4409 cultibus
1142 4353 1177 4406 et
1214 4344 1316 4407 sacris
1355 4343 1523 4424 mysteriis

311 4444 391 4516 apta
407 4482 416 4498 .
432 4449 465 4496 et
487 4433 666 4496 benedicta
682 4433 831 4495 existant
848 4480 855 4496 .
875 4432 939 4494 His
962 4451 1096 4513 quoque
1118 4431 1220 4494 sacris
1243 4429 1393 4494 uestibus
1414 4448 1522 4491 sacer·

312 4525 410 4586 dotes
442 4521 513 4584 siue
546 4519 649 4583 leuitc
679 4519 728 4583 tui
758 4518 1027 4584 induti.muniti
1058 4528 1092 4582 et
1123 4517 1337 4582 delensi.ab
1366 4516 1523 4580 omnibus
