3375 5250
386 412 441 460 DE
463 410 594 460 SACRIS
616 408 827 459 ORDINIBUS
844 409 1149 458 BENEDICENDIS.
1328 420 1374 471 127

162 588 223 630 nec
257 569 413 633 tenebras
446 570 662 633 lucem.n0n
698 568 790 632 dicat
820 568 947 632 bonum
981 567 1108 632 malum
1125 618 1132 632 .
1149 589 1211 632 nec
1243 569 1369 634 malum

162 654 287 718 bonurn
304 706 311 720 .
331 652 401 741 [Sit
431 657 637 739 sapientibus
668 664 703 719 et
733 656 968 738 insipientibus
990 657 1148 721 debitor.
1164 665 1204 719 ut
1227 656 1371 721 fructum

162 741 206 804 de
219 740 328 806 fructu
345 744 495 808 omnium
512 751 736 825 consequatur
751 740 794 829 .¹]
815 742 959 806 Tribuas
975 743 1005 806 ei
1022 742 1159 806 domine
1177 744 1370 808 cathedram

162 825 404 911 [pontificalem
419 832 462 895 ad
479 833 661 914 regendum
679 830 834 894 eclesiam
854 840 973 894 tuam.
993 840 1028 894 et
1050 830 1184 911 plebem
1209 827 1279 915 [fol.
1300 848 1369 911 147.

163 916 352 980 uniuersam
373 965 381 982 .
402 917 457 983 Sis
483 920 513 982 ei
544 919 753 981 auctoritas.
776 918 820 979 sis
853 918 884 980 ei
914 916 1054 980 firmitas
1076 914 1167 981 ,εἰςΒ
1192 926 1370 999 potestas.

163 1002 366 1086 Multiplices
392 1024 492 1088 super
513 1026 590 1069 eum
613 1004 879 1068 benedictionem
904 1016 938 1067 et
960 1006 1103 1086 gratiam
1130 1013 1224 1068 tuam
1240 1053 1247 1067 .
1263 1015 1301 1069 ut
1326 1010 1369 1069 ad

164 1092 373 1155 exorandam
393 1092 654 1155 misericordiam
677 1100 791 1155 tuam.
804 1099 864 1155 tuo
880 1111 1013 1173 semper
1032 1090 1191 1155 munere³
1208 1090 1372 1158 idoneus.

164 1185 223 1240 tua
247 1178 355 1259 gratia
378 1180 486 1262 possit
510 1200 583 1243 esse
608 1180 750 1242 deuotus
768 1226 776 1242 .
791 1198 851 1260 per
874 1179 1062 1241 dominum.

521 1438 604 1501 Item
627 1438 696 1501 alia
717 1447 812 1519 seper
833 1436 1016 1520 episcopum.

230 1572 318 1637 Ater
347 1571 514 1657 sanctae†
546 1574 760 1655 omnipotens
791 1572 970 1655 deus.qui
1000 1592 1060 1655 per
1091 1573 1266 1638 dominum
1299 1595 1375 1638 nos-

277 1670 366 1724 trum
389 1660 519 1724 ihesum
543 1662 705 1724 christum
728 1662 771 1725 ab
794 1660 891 1724 initio
921 1671 1044 1723 cuncta
1065 1661 1208 1725 creasti.
1226 1670 1260 1725 et
1282 1673 1373 1743 post·

169 1747 308 1810 modum
346 1746 380 1810 in
411 1746 477 1810 fine
515 1756 706 1830 temporum
744 1747 930 1811 secundum
961 1745 1238 1828 pollicitationem
1269 1769 1371 1831 quam

169 1834 329 1897 abraham
357 1834 546 1918 patriarcha
571 1846 685 1898 noster
715 1844 888 1916 acceperat
904 1883 911 1898 .
927 1833 1083 1897 eclesiam
1115 1854 1249 1918 quoque
1279 1856 1374 1899 sanc-

168 1932 280 1984 torum
312 1922 575 2004 congregatione
599 1922 770 1985 fundasti.
788 1920 951 1985 ordinatis
976 1921 1074 1983 rebus
1098 1942 1158 2005 per
1187 1943 1270 2005 quas
1295 1922 1375 2006 legi-

170 2008 233 2071 bus
264 2029 284 2071 a
314 2017 348 2071 te
379 2010 468 2072 datis
498 2008 673 2090 discipline
704 2008 820 2090 religio
851 2018 1085 2090 regeneretur.
1104 2018 1217 2091 presta
1254 2018 1291 2073 ut
1320 2012 1375 2074 hic

171 2094 315 2160 famulus
342 2105 420 2160 tuus
444 2095 488 2159 sit
510 2096 703 2161 ministeriis
727 2096 923 2179 cunctisque
953 2094 1098 2158 fideliter
1126 2095 1230 2178 gestis
1260 2096 1375 2160 officiis

171 2183 293 2265 dignus
310 2232 317 2247 .
333 2191 371 2246 ut
393 2182 579 2265 antiquitus
610 2184 764 2247 instituta
785 2190 1071 2246 sacramentorum
1091 2183 1251 2264 mysteria
1272 2184 1377 2265 possit

172 2268 370 2333 celebrare.
395 2270 458 2332 Per
488 2279 521 2334 te
559 2272 593 2333 in
631 2289 801 2334 summum
840 2270 883 2332 ad
922 2270 1012 2351 quod
1051 2270 1232 2333 assumitur
1268 2291 1375 2334 sacer-

172 2354 317 2440 ldotium
344 2365 585 2421 consecretur.
609 2355 662 2421 Sit
684 2377 785 2439 super
806 2357 950 2419 eundem
974 2356 1164 2421 benedictio
1196 2353 1377 2443 [lol147v.

174 2454 256 2509 tua.
272 2442 350 2507 licet
371 2463 473 2507 manu
497 2452 611 2508 nostra
633 2447 700 2509 sit.
718 2444 855 2526 Precipe
878 2442 1014 2507 domine
1036 2443 1114 2506 huic
1137 2463 1273 2523 pascere
1294 2464 1378 2509 oues

173 2541 249 2594 tuas
264 2578 271 2593 .
288 2550 327 2594 ac
354 2530 462 2594 tribue
493 2540 530 2595 ut
557 2532 727 2595 commissi
752 2532 863 2613 gregis
890 2531 1042 2594 custodia
1072 2530 1232 2594 sollicitus
1262 2541 1377 2614 pastor

173 2616 325 2701 inuigilet
341 2666 348 2682 .
367 2617 509 2700 Spiritus
540 2618 617 2682 huic
653 2627 789 2682 sanctus
822 2630 900 2682 tuus
931 2616 1124 2682 caelestium
1163 2618 1376 2683 carismatum

175 2705 300 2769 diuisor
323 2705 457 2769 assistat
473 2753 481 2770 .
497 2714 535 2770 ut
558 2707 644 2769 sicut
666 2705 722 2769 ille
745 2706 872 2770 electus
894 2706 1045 2788 gentium
1070 2705 1187 2770 doctor
1208 2706 1380 2772 instituit.

174 2795 217 2856 sit
257 2792 384 2856 iustitia
426 2812 493 2856 non
538 2793 714 2875 indigens.
732 2793 940 2876 benignitate
979 2792 1133 2876 pollens.
1150 2793 1380 2876 hospitalitate

175 2878 339 2943 diffusus.
357 2879 477 2944 Seruct
501 2881 535 2942 in
559 2881 829 2944 exortationibus
850 2878 1057 2943 alacritatem
1073 2926 1082 2942 .
1098 2880 1132 2943 in
1155 2883 1382 2962 persecution-

175 2966 250 3030 ibus
280 2966 405 3030 fidem.
423 2968 457 3029 in
488 2969 627 3030 caritate
662 2967 883 3049 patientiam.
900 2967 934 3029 in
957 2966 1099 3030 ueritate
1129 2969 1377 3032 constantiam.

176 3054 211 3117 in
238 3052 410 3117 heresibus
436 3073 476 3116 ac
498 3055 588 3118 uitiis
612 3054 767 3117 omnibus
795 3054 911 3118 odium
936 3053 1040 3117 sciat.
1059 3052 1092 3116 in
1120 3054 1379 3119 emulationibus

176 3140 322 3204 nesciat.
340 3140 374 3203 in
399 3140 529 3203 iudiciis
551 3142 736 3223 gratiosum
756 3142 832 3204 'esse
854 3141 967 3204 sinas.
984 3149 1018 3204 et
1041 3150 1174 3224 gratum
1198 3161 1271 3204 esse
1300 3163 1377 3206 con-

176 3228 299 3292 cedas.
317 3225 490 3290 Postremo
510 3228 625 3291 omnia
648 3249 668 3292 a
690 3237 724 3292 te
747 3225 926 3310 largitore⁴
949 3227 1077 3292 discat.
1094 3249 1181 3310 quae
1203 3227 1381 3293 salubriter

177 3325 255 3378 tuos
273 3315 393 3378 doceat
410 3362 417 3379 .
434 3313 666 3379 Sacerdotium
690 3315 800 3398 ipsum
822 3336 907 3397 opus
930 3334 1003 3377 esse
1025 3315 1198 3380 existimet
1221 3335 1288 3378 non
1308 3317 1382 3398 dig·

177 3402 318 3465 nitatem
335 3447 343 3465 .
360 3400 538 3466 Proficiant
561 3403 592 3465 ei
614 3402 750 3465 honoris
773 3409 956 3485 augmenta
978 3402 1080 3466 etiam
1108 3403 1151 3466 ad
1175 3403 1382 3467 incrementa

179 3489 396 3566 meritorum.
414 3497 451 3552 ut
480 3509 540 3570 per
569 3489 631 3567 hec
661 3488 762 3574 [sicut
792 3489 884 3572 apud
911 3509 973 3552 nos
1003 3508 1093 3553 nunc
1123 3488 1182 3552 ad·
1213 3489 1282 3572 [fol.
1310 3493 1380 3568 148.

178 3576 330 3640 sciscitur
361 3575 397 3638 in
426 3575 651 3640 sacerdotium
668 3626 674 3640 .
691 3576 739 3640 ita
769 3577 861 3659 apud
892 3586 927 3640 te
956 3584 1076 3658 postea
1105 3576 1311 3640 adsciscatur
1347 3578 1380 3640 in

177 3681 316 3745 regnum
333 3711 340 3728 .
356 3682 416 3745 per
438 3663 619 3727 dominum.

484 3903 664 3970 Benedictio
686 3904 725 3968 de
745 3905 931 3988 septiformi
949 3905 1078 3987 spiritu.

185 4043 359 4174 SPiritus
380 4011 516 4144 sanctus
539 4041 742 4125 septiformis
756 4044 888 4144 ‘ueniat
910 4063 1010 4126 super
1032 4052 1066 4144 te
1081 4093 1087 4107 .
1105 4050 1140 4105 et
1163 4041 1269 4144 uirtus
1291 4042 1382 4107 altis-

281 4132 357 4195 simi
379 4149 450 4194 sine
473 4141 611 4213 peccato
634 4131 801 4194 custodiat
824 4140 881 4194 te.
897 4141 932 4195 et
953 4149 1062 4193 omnis
1084 4128 1276 4192 benedictio
1298 4151 1385 4212 quae

183 4220 216 4282 in
240 4217 411 4301 scripturis
437 4218 561 4282 sanctis
587 4217 711 4301 scripta
736 4226 787 4281 est
809 4237 910 4300 super
932 4226 966 4282 te
989 4215 1125 4280 ueniat.
1144 4214 1328 4281 Confirmet
1352 4227 1386 4281 te

263 4376 272 4407 ¹
289 4377 345 4428 The
356 4376 439 4428 words
451 4375 477 4424 in
488 4375 605 4425 brackets
616 4393 658 4427 are
669 4377 753 4428 added
764 4377 789 4426 in
801 4377 844 4427 the
855 4376 962 4439 margin.

262 4442 273 4471 ²
289 4444 313 4492 ei
322 4441 456 4493 interlined
467 4442 501 4505 by
512 4459 527 4490 a
538 4441 601 4492 later
613 4443 689 4493 hand.
876 4441 887 4470 ³
902 4443 937 4490 sit
947 4440 1081 4492 interlined
1093 4441 1128 4506 by
1138 4457 1154 4490 a
1164 4440 1229 4491 later
1239 4440 1317 4492 hand.

266 4509 277 4538 ⁴
293 4508 349 4559 The
360 4507 412 4558 eos
419 4506 470 4557 this
482 4507 552 4558 word
564 4509 585 4556 is
597 4508 680 4558 added
691 4509 726 4572 by
737 4524 751 4557 a
764 4507 827 4558 later
838 4507 916 4558 hand.
