3375 5250
584 450 824 501 BENEDICTIO
851 450 1004 500 VIDUAE.

368 662 369 666 ¹
704 640 787 703 Item
810 637 888 701 alia.

198 787 433 915 Ulsibilium
464 796 499 853 et
522 787 738 852 inuisibilium
762 806 871 849 rerum
903 793 1034 887 crea-tor
1059 783 1143 886 deus
1158 833 1165 848 .
1182 783 1301 847 adesto
1328 797 1402 877 pro·

312 878 416 959 pitius
434 886 470 941 et
491 877 575 940 haec
596 876 794 939 indumenta
812 882 1001 937 sanctitatis
1020 871 1165 954 effigrem
1187 868 1402 934 ostendentia

192 966 337 1048 desuper
357 965 466 1048 gratia
480 973 539 1028 tua
559 964 719 1045 irrigante
734 961 931 1025 benedicere
947 969 982 1024 et
1002 958 1211 1023 sanctificare
1233 954 1399 1038 digneris.

193 1062 310 1134 perte
332 1052 481 1116 saluator
503 1052 630 1115 mundi.

752 1238 844 1302 Alia.

198 1380 418 1510 INluminal
438 1379 620 1464 quesumus
638 1377 776 1442 domine
793 1375 909 1439 oculos
929 1375 1116 1439 maiestatis
1135 1384 1213 1439 tuae
1236 1373 1279 1437 ad
1301 1372 1402 1435 bene-

277 1469 435 1535 dicendas
466 1467 527 1531 has
553 1466 737 1533 uiduitatis.
759 1472 894 1527 uestes.
910 1472 947 1527 ut
974 1481 1061 1545 quae
1091 1482 1127 1525 se
1157 1462 1210 1525 his
1234 1458 1401 1525 castitatis

191 1556 398 1640 professione
428 1554 691 1637 adoperiendam
726 1551 904 1633 exposcit.
921 1549 1190 1613 benedictionem
1221 1546 1331 1611 cordis
1366 1553 1401 1608 et

191 1645 340 1729 corporis
363 1644 600 1726 percipere.et
624 1640 745 1704 beatae
771 1637 946 1701 uiduitatis
972 1636 1258 1718 perseuerantiam
1279 1633 1314 1699 te
1336 1632 1402 1695 lar-

190 1733 305 1815 giente
330 1750 463 1796 seruare
485 1736 675 1793 mereatur.
692 1746 752 1810 per
779 1725 955 1789 dominum
979 1733 1141 1792 nostrum.
1360 1722 1362 1730 '

598 2003 837 2066 Baunmcmo
862 2017 992 2085 umun.

251 2129 415 2197 Onsolare
438 2129 575 2193 domine
598 2130 686 2194 hanc
710 2128 872 2192 famulam
896 2138 992 2193 tuam
1017 2126 1206 2213 uidusitatis
1238 2122 1310 2213 [sol.
1328 2126 1400 2192 161.

294 2217 464 2282 laboribus
487 2216 702 2280 constrictam
719 2266 726 2280 .
743 2216 829 2280 sicut
852 2218 1026 2281 consolare
1047 2218 1206 2299 dignatus
1229 2214 1266 2277 e's
1288 2233 1400 2296 sarep-

191 2313 306 2369 tenam
337 2304 474 2369 uiduam
507 2324 566 2386 per
596 2302 718 2366 heliam
750 2303 975 2385 prophetam.
993 2305 1140 2368 concede
1175 2303 1205 2367 ei
1236 2300 1400 2385 pudicitie

190 2389 358 2457 fructum.
375 2400 413 2455 ut
442 2392 656 2472 antiquarum
692 2410 760 2453 non
792 2391 982 2456 meminerit
1006 2392 1221 2474 uoluptatum
1237 2435 1246 2453 .
1262 2389 1401 2453 Nesciat

191 2477 293 2543 etiam
321 2479 490 2543 incentiua
514 2478 702 2542 desideria.
719 2486 756 2541 ut
787 2478 850 2540 soli
881 2478 943 2542 tibi
973 2479 1098 2543 subdat
1124 2476 1260 2560 propria
1288 2475 1399 2539 colla.

190 2586 258 2649 quo
282 2566 390 2650 possit
413 2586 475 2650 pro
506 2564 676 2629 laboribus
702 2564 807 2629 tantis
837 2566 1089 2648 sexagesimum
1121 2565 1267 2630 fructum
1297 2563 1401 2647 perci·

190 2674 291 2736 pere.
308 2674 431 2719 munus
453 2652 655 2718 delectabile
678 2653 893 2719 sanctitatis.
910 2674 976 2736 per.

748 2865 842 2930 Alia.

195 3003 295 3130 DA
325 3023 510 3086 quesumus
533 3003 750 3086 omnipotens
780 3005 887 3069 deus.
904 3014 943 3069 ut
972 3007 1056 3070 haec
1070 3073 1073 3083 ,
1086 3005 1213 3071 famula
1243 3017 1302 3072 tua
1317 3055 1324 3072 .
1342 3009 1399 3072 N.

304 3111 370 3173 que
399 3111 462 3176 pro
486 3110 547 3173 spe
573 3090 802 3154 retributionis
831 3093 987 3175 promissi
1018 3096 1176 3158 muneris·
1195 3093 1232 3158 se
1261 3096 1401 3159 domino

190 3177 360 3243 desiderat
386 3178 595 3242 consecrari.
612 3176 714 3260 plena
744 3177 811 3242 fide
841 3180 1022 3263 animoque
1053 3190 1271 3264 permaneat.
1288 3181 1400 3246 tribue

189 3264 219 3326 ei
243 3285 304 3347 pro
327 3265 448 3348 opibus
471 3264 638 3347 gloriam.
655 3285 716 3348 pro
739 3265 870 3348 pudore
892 3269 1136 3332 reuerentiam.
1153 3288 1215 3351 pro
1237 3269 1401 3350 pudicitia

189 3352 404 3417 sanctitatem
423 3401 431 3420 .
452 3364 489 3416 ut
527 3354 571 3417 ad
610 3353 766 3416 meritum
808 3354 917 3436 possit
959 3355 1085 3438 gloriae
1124 3357 1300 3438 peruenire
1315 3405 1324 3422 .
1340 3376 1400 3439 per

189 3440 364 3503 dominum
388 3448 550 3503 nostrum.

319 3607 412 3703 Post·
424 3637 498 3702 baec
513 3685 521 3702 .
531 3648 637 3721 ponas
652 3638 795 3721 pallium
817 3651 914 3722 super
935 3651 1031 3724 caput
1050 3644 1120 3706 eius
1142 3643 1297 3726 dr'casque.

190 3788 357 3914 Accipe
380 3788 483 3853 uidua
506 3787 646 3872 pallium
664 3837 671 3852 .
687 3797 725 3852 ut
748 3809 858 3873 supra.

193 4043 330 4169 DEus
367 4052 535 4108 castorum
565 4067 744 4131 corporum
782 4047 950 4129 benignus
989 4045 1197 4111 inhabitator
1222 4060 1257 4111 ct
1293 4048 1400 4112 incor-

301 4140 474 4212 ruptarum
507 4137 850 4206 amator,animarum
867 4181 874 4198 .
892 4133 1020 4216 respice
1046 4154 1147 4216 super
1175 4135 1263 4198 hanc
1292 4135 1400 4197 lamu-

188 4214 253 4278 lam
294 4219 571 4302 tuam.N.que
601 4221 664 4286 tibi
702 4221 920 4285 deuotionem
953 4240 1050 4284 suam
1080 4221 1238 4286 offerta
1268 4243 1335 4304 quo
1366 4231 1401 4286 et

186 4300 276 4386 ipssa
298 4303 471 4380 eundem†
493 4318 610 4371 uotum
635 4309 842 4391 assumpsit.
860 4307 914 4373 Sit
937 4308 971 4370 in
995 4329 1035 4372 ea
1058 4309 1194 4373 domine
1218 4309 1399 4390 [fol.161v.

187 4410 246 4471 per
270 4392 398 4456 donum
422 4393 559 4475 spiritus
582 4396 632 4459 tui
648 4398 816 4479 ‚prudens
838 4396 1021 4480 modestia..
1034 4397 1168 4479 sapiens
1190 4396 1400 4478 benignitas.

331 4553 339 4584 ¹
360 4555 475 4620 Perhaps
487 4555 527 4606 sor
537 4558 639 4608 Inclina
647 4574 660 4617 ;
676 4559 721 4609 but
734 4560 868 4610 Inlumina
880 4558 900 4607 is
911 4574 1029 4610 common
1042 4565 1068 4609 to
1079 4559 1176 4610 several
1189 4560 1269 4610 MSS.
