3375 5250
510 408 749 459 BENEDICTIO
770 409 879 458 SIGN]
896 409 1114 459 ECCLESIAE.

730 571 897 653 Prefatio.

322 705 382 767 Per
406 705 565 770 christum
594 708 768 771 dominum
796 716 973 774 nostrum.
993 707 1059 791 Qui
1087 715 1138 771 est
1162 706 1233 771 dies
1255 715 1413 785 eternus.

342 792 402 855 lux
433 793 625 859 indeficiens
643 844 651 859 .
668 795 802 859 claritas
825 796 1031 878 sempiterna
1048 842 1056 860 .
1075 793 1142 878 Qui
1173 795 1221 857 sic
1252 812 1411 875 sequaces

208 895 286 940 suos
320 879 353 942 in
392 880 465 944 luce
497 883 645 965 precepit
678 882 850 947 ambulare
868 931 876 947 .
893 892 931 946 ut
962 883 1071 946 noctis
1105 890 1240 959 eternae
1275 880 1412 943 ualeant

206 964 383 1047 caliginem
419 969 561 1033 euadere
578 1019 585 1034 .
601 980 635 1033 et
669 970 712 1033 ad
745 970 827 1033 lucis
859 970 1003 1051 patriam
1038 969 1177 1033 feliciter
1210 966 1409 1051 peruenire.

208 1048 276 1132 Qui
299 1073 357 1135 per
389 1054 613 1120 humilitatem
644 1067 838 1138 assumptae
868 1056 1088 1120 humanitatis
1118 1055 1265 1119 lazarum
1296 1053 1411 1116 fleuit.

207 1134 281 1221 lper
303 1140 489 1206 diuinitatis
512 1142 699 1225 potentiam
723 1144 812 1207 uitae
836 1144 982 1207 reddidit
999 1163 1193 1226 ‚genusque
1228 1140 1411 1224 [iol.121v.

206 1224 391 1291 humanum
429 1229 617 1313 quadrifida
654 1240 867 1311 peccatorum
906 1231 995 1295 mole
1028 1231 1185 1294 obrutum
1224 1230 1267 1292 ad
1305 1230 1410 1291 uitam

207 1313 358 1380 reducit.
377 1317 439 1380 Per
461 1337 560 1399 quem
590 1318 733 1399 petimus
749 1365 757 1383 .
773 1328 810 1381 ut
834 1319 1036 1400 quicumque
1059 1318 1093 1380 in
1120 1318 1185 1380 hoc
1208 1316 1412 1398 sepeliantur

207 1400 405 1479 poliandro.
422 1404 456 1465 in
480 1405 663 1468 nouissimo
693 1425 768 1469 cum
797 1407 899 1468 tubae
929 1400 1190 1488 perstreperintl
1213 1402 1409 1485 angelorum

206 1494 240 1549 et
271 1488 304 1549 in
336 1502 510 1554 momento
543 1493 705 1556 mundum
738 1492 936 1555 iudicaueris
971 1514 990 1555 a
1023 1502 1235 1573 peccatorum
1267 1488 1412 1552 nexibus

206 1572 351 1640 absoluti
366 1626 373 1639 .
387 1587 523 1656 aeterne
546 1578 636 1643 uitae
659 1578 809 1643 felicitati
832 1579 953 1643 redditi
966 1627 974 1643 .
987 1589 1022 1643 et
1044 1588 1236 1642 sanctorum
1259 1574 1411 1641 coetibus
1517 1588 1520 1593 '

206 1666 459 1730 connumerati.
476 1662 535 1729 ut²
565 1667 622 1749 qui
652 1686 688 1729 es
720 1666 789 1730 uita
823 1676 961 1730 aeterna
997 1667 1181 1747 benignum
1215 1674 1250 1729 et
1285 1662 1412 1726 miseri-

206 1750 341 1812 cordem
366 1772 386 1814 a
410 1761 517 1816 morte
540 1762 750 1836 resurgentes
781 1754 978 1817 inueniant.
994 1764 1028 1816 et
1051 1754 1096 1815 ad
1118 1771 1263 1833 superna
1286 1748 1411 1833 gaudia

207 1836 453 1916 perducantur.
470 1841 527 1903 ubi
554 1841 710 1905 exultant
733 1861 851 1904 omnes
874 1840 981 1903 sancti
1008 1850 1042 1903 et
1065 1840 1271 1903 conlaudant
1294 1845 1411 1901 aucto·

206 1940 276 1984 rem
300 1926 390 1989 uitae
413 1927 563 1991 dicentes
579 1978 586 1993 .
605 1928 749 1993 Sanctus
766 1975 774 1993 .
790 1938 927 1991 sanctus
950 1937 1095 1992 sanctus.

655 2120 718 2183 Ad
735 2118 962 2202 complendum.

214 2240 466 2366 MUneribus
492 2246 593 2308 sacris
617 2246 729 2310 satiati
754 2266 937 2328 quesumus
961 2244 1097 2307 domine
1122 2241 1206 2306 deus
1232 2251 1414 2305 noster.ut

339 2329 434 2411 plebs
458 2341 517 2396 tua
541 2352 627 2415 quae
653 2333 686 2397 in
711 2332 822 2397 futuro
847 2353 867 2395 a
892 2342 999 2395 morte
1022 2330 1169 2414 corporis
1192 2338 1414 2393 resurrectura

205 2415 424 2481 creditur.te
455 2420 633 2484 miserante
657 2422 689 2483 in
721 2422 818 2484 huius
842 2420 912 2498 uite
935 2439 1050 2483 cursus
1074 2439 1095 2481 a
1122 2413 1256 2496 mortei
1281 2416 1415 2480 animae

207 2521 377 2584 resurgere
402 2517 614 2572 mereantur.
630 2527 697 2589 per.

687 2695 792 2778 Super
808 2695 940 2777 plebem,

213 2831 369 2955 INclina
391 2855 573 2916 quesumus
605 2837 820 2919 omnipotens
852 2838 1070 2901 deus.aures
1098 2843 1176 2898 tuae
1208 2832 1343 2916 pietatis
1370 2833 1411 2896 ad

289 2940 404 3001 preces
437 2934 569 2988 nostrae
601 2924 825 2988 humilitatis.
845 2936 879 2988 et
910 2933 1023 3006 presta
1056 2931 1092 2985 ut
1123 2927 1208 3004 quos
1238 2923 1272 2984 in
1303 2919 1412 3002 primo

207 3007 355 3070 aduentu
379 3028 398 3072 a
422 3011 556 3089 morte†
576 3011 687 3075 anime
710 3032 844 3094 surgere
868 3010 1032 3094 precipis.
1051 3030 1108 3073 eos
1139 3009 1173 3071 in
1205 3008 1353 3071 secundo
1379 3007 1411 3068 in

206 3093 395 3178 maiesstate
414 3117 489 3160 cum
506 3098 637 3162 ueneris
652 3149 658 3162 .
672 3120 692 3162 a
708 3112 815 3162 morte
831 3099 978 3181 corporis
994 3106 1235 3160 resurrecturos
1250 3094 1320 3178 [sol.
1341 3109 1411 3157 122.

204 3180 248 3242 ad
272 3183 475 3265 sempiterna
497 3185 621 3267 gaudia
645 3186 791 3250 deducas
807 3235 813 3249 .
831 3207 891 3268 per
914 3185 1099 3250 dominum.

423 3603 486 3667 Ar>
509 3617 658 3670 mortun
683 3617 864 3669 acrasma
888 3613 1201 3666 sunumcauuuu.

205 3761 374 3826 Primitrts
401 3765 488 3827 enim
518 3763 559 3828 ab
580 3765 714 3848 episcopo
742 3763 959 3848 sanctificetur
985 3783 1072 3844 aqua
1097 3780 1169 3824 cum
1194 3759 1285 3822 sale.
1302 3755 1355 3820 uti
1379 3756 1415 3819 in

307 3850 504 3915 dedicatione
523 3853 630 3940 eclesiff
643 3852 883 3936 pretitulatur.
900 3851 962 3914 hac
982 3850 1137 3913 adiuncta
1158 3846 1311 3912 oratione.
1494 3849 1498 3856 ’

270 3973 398 4038 Enedic
437 3975 573 4040 domine
619 3976 705 4039 hanc
752 3995 875 4058 aquam
923 3974 1154 4038 benedictione
1200 3969 1335 4036 caelesti
1357 3975 1416 4034 ‚et

313 4063 449 4126 assistat
482 4083 582 4147 super
613 4084 688 4126 eam
720 4063 825 4126 uirtus
857 4062 993 4143 spiritus
1024 4062 1132 4124 sancti
1150 4111 1157 4124 .
1174 4069 1212 4124 ut
1243 4078 1319 4123 cum
1351 4057 1415 4119 hoc

209 4149 382 4212 uasculum
412 4150 454 4213 ad
479 4151 671 4214 inuitandos
695 4149 780 4213 filios
803 4149 924 4226 eclesie
949 4157 1163 4231 preparatum
1190 4147 1223 4210 in
1254 4166 1295 4209 ea
1318 4143 1416 4208 suerit

207 4233 374 4300 tinctum.
391 4237 594 4321 ubicumque
624 4239 773 4301 sonuerit
803 4238 875 4300 eius
906 4236 1109 4300 tinnibulum
1126 4284 1132 4299 .
1150 4234 1250 4316 longe
1282 4230 1416 4295 recedat

209 4320 314 4385 uirtus
345 4323 555 4389 inimicorum
572 4373 579 4387 .
597 4326 716 4388 umbra
753 4322 1181 4389 fantasmatum.incursio
1219 4319 1416 4386 turbinum.

543 4487 550 4515 ¹
568 4489 611 4551 leg.
624 4489 826 4554 perstrepuerint.
960 4486 971 4514 ²
987 4488 1032 4550 leg.
1047 4495 1080 4537 te.
