3375 5250
519 380 729 430 ORDINATIO
750 380 1029 434 MONACHORUM
1338 392 1382 443 131

168 541 290 624 clypeo
312 540 452 623 pacifice
474 541 625 623 protegi.
642 540 796 604 Dextera
819 551 898 606 tuae
920 541 1108 606 diuinitatis
1131 562 1209 606 eum
1233 542 1382 626 digneris

169 627 397 712 locupletare.
414 637 452 691 ut
481 648 581 711 opem
613 628 777 711 frugalem
795 628 967 695 ,fratribus
997 627 1119 692 inferre
1134 678 1142 693 .
1158 638 1192 693 et
1223 629 1381 693 omnibus

170 717 318 799 undique
348 715 605 779 aduenientibus
615 716 691 796 pie
720 716 827 816 possit
857 715 1032 800 profutura
1054 716 1240 780 exhibere.
1255 718 1309 782 Tu
1334 716 1381 780 illi

170 812 245 867 esto
285 802 417 867 honor.
442 812 479 866 tu
518 784 679 885 gaudium
729 803 763 865 in
804 803 934 867 domo.
955 805 989 866 in
1028 803 1148 867 itinere
1188 803 1327 868 socius
1345 803 1380 865 in

171 909 299 953 merore
337 890 529 954 solacium.
551 891 585 951 in
615 889 849 991 ambiguitate
891 890 1093 955 consilium
1114 890 1149 953 in
1191 890 1381 992 egritudine

170 978 359 1051 medicina.
376 978 410 1040 in
433 966 603 1050 laboribus
626 977 720 1040 adiut
707 985 782 1041 t.or
800 978 834 1040 in
849 977 1007 1044 aduersis
1027 976 1203 1041 defensor.
1220 980 1253 1041 in
1274 977 1380 1043 tribu-

170 1064 297 1128 latione
332 1064 519 1146 patientia
535 1072 641 1146 ponat
670 1063 705 1133 in
735 1061 769 1127 te
804 1064 1052 1146 prouidentiam
1091 1065 1237 1130 mentis.
1254 1085 1316 1147 per
1343 1062 1379 1127 te

171 1152 279 1215 discat
314 1151 452 1215 consilio
487 1150 656 1214 commissi
693 1150 756 1213 sibi
793 1152 904 1233 gregis
942 1150 1169 1233 gubernacula
1207 1152 1379 1235 sapienter

171 1239 355 1302 moderari.
370 1248 407 1302 ut
428 1236 576 1323 semlper
597 1237 681 1301 felix
703 1258 903 1321 semperque
925 1238 1084 1301 exultans
1107 1239 1151 1303 de
1193 1236 1378 1325 [lol.151v.

169 1337 248 1389 tuae
274 1326 435 1389 bonitatis
458 1326 586 1390 ditatus
608 1323 969 1389 beneficiis‘mereatur
991 1327 1138 1407 gaudere
1154 1376 1161 1391 .
1180 1337 1214 1389 et
1238 1325 1379 1409 prolixi·

170 1422 274 1476 tatem
306 1413 491 1495 praesentis
521 1413 612 1476 uitae
641 1432 701 1494 per
730 1423 884 1495 tempora
914 1412 1004 1475 bona
1034 1412 1180 1495 benigne
1209 1414 1378 1496 suscipere

169 1520 209 1563 ac
239 1499 391 1582 supernis
420 1499 551 1563 ciuibus
566 1548 573 1563 .
591 1497 857 1581 angelorumque
890 1499 999 1562 choris
1030 1520 1089 1582 per
1119 1509 1256 1565 aeterna
1286 1520 1377 1565 com·

171 1588 294 1650 mercia
316 1587 465 1715 copulari
482 1636 488 1651 .
505 1606 566 1669 per
588 1586 764 1649 dominum
789 1595 953 1650 nostrum.

667 1766 772 1852 *Item
794 1789 873 1854 elie.
877 1769 882 1796 '¹

176 1938 324 2065 SUper
353 1938 442 2001 hunc
480 1936 643 2001 famulum
679 1945 775 2000 tuum
812 1937 950 2001 domine
982 1956 1166 2019 quesumus
1202 1934 1384 2019 dignanter

127 2089 130 2094 .
271 2026 434 2090 intende.
452 2034 485 2089 et
517 2025 560 2087 da
590 2025 620 2088 ei
651 2024 826 2088 scientiam
850 2044 989 2089 ueram.
1006 2044 1102 2106 spem
1134 2023 1289 2088 firmam.
1304 2041 1384 2086 con-

172 2113 284 2176 silium
315 2123 465 2176 rectum
483 2112 670 2176 doctrinam
703 2123 883 2176 sanctam.
900 2121 938 2175 ut
976 2122 1075 2193 aptus
1109 2111 1301 2174 inueniatur
1338 2111 1382 2173 ad

173 2201 404 2281 accipiendam
427 2199 570 2283 gratiam
593 2210 672 2262 tuae
692 2199 936 2262 benedictionis
954 2248 962 2263 .
980 2200 1139 2281 quatinus
1160 2206 1194 2261 et
1215 2197 1288 2280 ipse
1311 2195 1384 2259 sine

172 2286 358 2350 offensione
410 2296 603 2350 sanctorum
651 2286 794 2367 uestigia
840 2295 975 2369 patrum
1028 2293 1214 2385 sequatur.
1238 2302 1384 2366 suosque

173 2394 333 2457 sequaces
363 2374 487 2438 sanctis
521 2373 820 2437 ammonitionibus
852 2374 946 2455 sequi
977 2372 1102 2437 faciat.
1119 2372 1273 2454 sciatque
1306 2370 1386 2453 quia

175 2459 286 2549 [qui]1
307 2462 446 2544 suscipit
467 2462 597 2524 animas
614 2459 802 2542 regendas.
818 2460 853 2522 in
869 2461 924 2523 die
944 2459 1061 2525 iudicii
1076 2479 1138 2541 pro
1161 2459 1213 2522 his
1228 2458 1387 2521 omnibus

173 2569 209 2611 ra
211 2550 337 2613 tionem
361 2548 551 2612 redditurus
576 2557 629 2611 est
647 2548 786 2612 domino
809 2555 925 2611 nostro
948 2548 1043 2610 ihesu
1066 2547 1212 2652 christo
1226 2546 1283 2629 qui
1302 2544 1389 2608 uiuit

174 2647 209 2701 et
232 2647 378 2720 regnat.
396 2658 456 2720 per
478 2636 601 2700 omnia

437 2984 585 3048 INCIPIT
608 2996 823 3048 ORDINATIO
847 2996 1132 3047 MONACHORUM.

216 3153 309 3218 Uen
332 3161 441 3216 eutero
465 3151 610 3215 nouitous
632 3173 668 3214 en
695 3151 772 3214 cello
796 3151 997 3214 nouitiorurn
1024 3151 1137 3242 regule
1155 3119 1395 3215 eraminotiono

271 3241 431 3324 probatus
449 3237 587 3323 lfuerit.
600 3247 716 3300 exutus
735 3239 834 3301 seculi
850 3238 944 3302 rebus
962 3256 1071 3323 eoram
1091 3238 1198 3302 altare
1227 3235 1296 3324 [fol
1317 3251 1388 3316 152.

167 3337 391 3431 presentetur.
404 3326 518 3408 nisque
537 3325 645 3388 uerbis
660 3334 785 3388 uoturn
793 3322 943 3410 [su]1um
958 3335 1067 3388 eorem
1083 3347 1104 3388 o
1106 3325 1191 3389 ltere
1202 3325 1259 3390 deo
1273 3323 1391 3408 efferet

175 3421 226 3480 in
225 3417 384 3480 cartula.
401 3415 450 3477 ita
472 3434 546 3476 uoco
564 3413 654 3476 clare
676 3411 815 3477 dicende

220 3624 296 3706 Ego
322 3621 425 3685 irater
440 3668 447 3684 .
465 3619 497 3682 N
516 3621 606 3684 ,deo
636 3619 758 3683 datus.
775 3619 938 3702 promitto
964 3619 1184 3685 stabilitatem
1211 3641 1323 3684 meam
1350 3629 1385 3684 et

174 3711 428 3775 conuersionem
467 3726 598 3771 morum
636 3725 786 3770 meorum
832 3719 869 3770 et
905 3707 1155 3770 oboedientiam
1199 3709 1384 3772 secundum

176 3796 325 3880 regulam
352 3795 460 3859 sancti
485 3793 655 3858 benedicti
682 3812 796 3856 coram
827 3794 892 3857 deo
922 3803 957 3857 et
987 3795 1113 3857 sanctis
1143 3794 1214 3859 eius
1230 3842 1237 3857 .
1253 3795 1286 3857 in
1311 3816 1383 3879 pre-

176 3885 285 3950 sentia
312 3883 439 3946 domini
455 3929 463 3946 .
481 3882 514 3944 N
530 3932 537 3945 .
554 3880 702 3964 episcopi
720 3927 727 3944 .
742 3881 890 3962 Inposita
919 3901 995 3944 uero
1019 3881 1157 3964 propria
1186 3902 1288 3945 rnonu
1307 3893 1385 3966 pro-

176 3973 330 4037 missione
356 3981 451 4052 snper
483 3970 592 4032 altore
605 4016 612 4032 .
627 3967 712 4030 nunc
744 3977 924 4050 sequentem
961 3988 1094 4032 uersum
1131 3968 1227 4032 tertio
1264 3979 1387 4052 repetet

174 4061 303 4126 dicens.
322 4057 461 4139 Suscipe
492 4075 546 4118 me
575 4055 762 4118 secundum
791 4055 963 4136 eloquium
998 4064 1098 4119 tuum·
1124 4066 1159 4118 et
1194 4055 1308 4119 uiuam
1324 4103 1332 4119 .
1349 4066 1382 4119 et

177 4168 244 4217 non
261 4144 455 4222 confundas
480 4163 534 4206 me
559 4143 602 4206 ab
628 4142 866 4223 expectatione
891 4162 987 4204 mea.
1004 4162 1096 4224 quom
1118 4161 1249 4206 uersum
1277 4145 1384 4208 ornnis

172 4232 376 4316 congregotio
419 4229 603 4312 respondet.
626 4229 716 4291 Tunc
756 4249 791 4291 eo
820 4237 1030 4310 prosternata
1045 4279 1052 4294 .
1068 4229 1110 4292 ub
1145 4231 1280 4313 episcopo
1316 4231 1388 4294 sino

172 4322 287 4386 abbate
308 4319 470 4384 inchoetur
488 4317 746 4398 retentoque
767 4325 946 4397 sequuntur
966 4317 1028 4381 loeo
1046 4317 1213 4382 orationes.

658 4465 666 4494 ¹
685 4465 802 4516 Omitted
815 4465 842 4515 in
854 4466 913 4517 MS.

1185 4546 1212 4596 K
1236 4549 1255 4595 2
