3375 5250
496 415 813 465 BENEDICTIONES
832 416 1090 467 EPISCOPALES.

446 600 683 669 Bausorcmo
708 617 780 668 eno
804 618 894 669 man
919 617 1142 669 annuamus

196 733 459 862 OMnipotens
481 738 564 802 deus
587 740 681 803 cuius
704 742 930 804 misericordia
953 741 1075 822 ubique
1098 740 1341 823 cognoscitur.
1366 751 1400 803 et

307 842 362 905 pre
408 823 648 891 famulantibus
691 830 894 893 miseretur.
918 830 981 891 iter
1026 839 1174 890 uestrum
1219 828 1401 892 clementer

192 905 352 990 ldirigat.
369 920 471 993 atque
497 913 541 976 ad
567 912 678 977 locum
706 915 891 1000 optabilem
919 914 979 978 uds
1004 914 1189 979 incolumes
1234 914 1301 998 [fol.
1326 929 1399 995 73v

193 995 346 1060 deducat.
390 999 507 1064 Amen.

236 1082 445 1186 Angelorum
473 1087 593 1168 iugiter
622 1088 799 1171 collegium
831 1089 953 1153 habere
984 1089 1177 1152 mereamini
1208 1088 1399 1153 comitem.

193 1188 321 1233 necnon
345 1173 377 1233 in
401 1173 557 1237 omnibus
580 1183 614 1237 et
636 1186 752 1239 contra
777 1178 890 1240 omnia
913 1176 1088 1277 preuium.
1106 1196 1247 1258 quorum
1272 1175 1398 1239 solacio

194 1258 312 1322 muniti
336 1261 447 1323 eundo
467 1269 500 1325 et
521 1262 691 1327 redeundo
712 1264 907 1328 semitarum
932 1262 1073 1345 uestigia
1095 1263 1271 1327 transeatis
1293 1262 1398 1341 inlesi.

192 1342 308 1408 Amen.

239 1430 405 1512 Quatinus
428 1435 583 1499 instantis
613 1438 687 1500 aeui
715 1438 884 1501 tramitem
911 1440 958 1500 sic
988 1439 1211 1502 communiter
1240 1456 1398 1519 compen-

193 1522 304 1584 setis.
329 1530 365 1584 ut
403 1531 437 1585 et
474 1521 656 1585 inlecebras
689 1526 826 1606 aegypti
861 1525 1049 1590 deuitetis.
1073 1536 1175 1608 atque
1212 1544 1272 1607 per
1308 1524 1397 1587 uiam

193 1606 339 1755 igstitiae
376 1608 418 1671 ad
468 1609 728 1673 inmarcescibile
771 1610 940 1676 felicitatis
986 1614 1151 1695 premium
1189 1611 1399 1695 perueniatis.

231 1714 310 1757 men.

237 1780 341 1844 Adsit
372 1781 468 1845 uobis
491 1783 626 1864 raphael
655 1805 796 1867 magnus
822 1785 914 1863 tobie
944 1795 1087 1851 custos.
1111 1795 1145 1850 et
1175 1785 1338 1869 preuiuS.
1362 1793 1400 1847 ut

196 1868 378 1931 humanam
418 1878 452 1932 et
485 1870 688 1933 diabolicam
720 1872 879 1935 deuitetis
916 1872 1167 1937 calliditatem.
1190 1882 1225 1935 et
1247 1872 1407 1935 christum

193 1957 269 2124 uia&
289 1956 439 2106 ueiritatis
462 1966 496 2019 et
520 1958 610 2021 uitae
634 1961 827 2022 mereamini
852 1960 975 2024 habere
1000 1961 1168 2024 comitem.
1212 1959 1331 2023 Amen.

273 2062 315 2105 uo
363 2064 444 2124 rpse.

466 2250 703 2316 BENEDICTIO
726 2264 856 2316 SPONSI
881 2265 929 2314 ET
952 2264 1129 2316 SPONSAE.

195 2388 457 2515 OMnipotens
495 2390 578 2451 deus
615 2392 672 2471 qui
710 2392 834 2470 primos
868 2398 1023 2472 parentes
1060 2398 1191 2451 nostros
1228 2386 1329 2450 adam
1367 2397 1401 2449 et

307 2495 404 2538 cuam
428 2495 488 2538 sua
510 2475 633 2539 uirtute
655 2477 780 2540 creauit
803 2474 945 2561 [suaque
975 2475 1209 2539 benedictione
1254 2472 1323 2557 [fol.
1347 2488 1399 2554 74.

193 2561 414 2627 sanctificauit
439 2610 447 2628 .
472 2571 506 2626 et
536 2564 569 2624 in
609 2583 669 2626 sua
707 2565 866 2627 societate
903 2563 1074 2646 copulauit
1098 2612 1105 2626 .
1131 2563 1203 2645 ipse
1233 2561 1335 2624 corda
1366 2573 1400 2623 et

193 2669 331 2732 corpora
360 2658 471 2713 uestra
504 2649 689 2714 sanctificet
720 2662 754 2714 et
785 2651 986 2715 benedicat.
1003 2660 1105 2732 atque
1135 2651 1168 2713 in
1200 2651 1395 2713 societatem

194 2756 272 2814 uere
295 2736 483 2800 dilectionis
506 2738 697 2820 coniungat.
741 2739 859 2802 Arnen.

238 2823 372 2906 Quique
396 2825 439 2887 ad
471 2827 697 2906 preparandas
721 2826 832 2888 tobiae
860 2836 894 2890 et
916 2845 1027 2888 sarrae
1039 2824 1184 2906 nuptias
1209 2821 1399 2906 raphaelem

195 2911 351 2991 angelum
376 2910 486 2974 misit.
500 2911 572 2993 ipse
591 2930 611 2973 a
629 2913 781 2993 supernis
799 2913 935 2976 sedibus
951 2911 1107 2994 angelum
1127 2930 1224 2974 suum
1246 2920 1400 2974 sanctum

196 2999 308 3061 mittat
325 3046 331 3061 .
348 2997 405 3080 qui
444 3017 504 3060 uos
537 3001 569 3060 in
609 3019 670 3063 suo
702 3010 819 3063 sancto
857 3000 994 3063 seruitio
1026 2998 1191 3061 confortet
1213 3043 1221 3060 .
1242 2998 1400 3080 uiamque

195 3086 321 3162 iustitie
340 3085 498 3148 ostendat
514 3132 522 3147 .
538 3096 572 3148 et
597 3096 759 3168 perpetuo
784 3085 827 3149 ab
849 3087 940 3150 omni
963 3085 1052 3150 malo
1074 3084 1242 3149 defendat.
1280 3084 1398 3147 Amen.

239 3172 284 3235 Et
307 3173 363 3254 qui
387 3173 594 3254 unigenitum
627 3173 731 3235 filium
755 3194 853 3237 suum
886 3175 1061 3237 dominum
1085 3181 1236 3235 nostrum
1269 3172 1398 3234 ihesum

193 3260 353 3322 christum
394 3259 642 3340 redemptorem
680 3261 796 3324 mundi
828 3260 935 3323 uoluit
965 3261 1008 3324 de
1039 3260 1167 3342 uirgine
1198 3259 1320 3322 nasci.
1344 3261 1401 3340 qui

195 3366 255 3409 sua
289 3347 457 3428 presentia
490 3366 618 3427 suoque
650 3347 808 3410 miraculo
838 3348 973 3430 nuptias
1003 3344 1210 3409 consecrauit
1233 3392 1241 3408 .
1264 3347 1401 3427 quando

194 3453 316 3515 aquam
349 3434 383 3494 in
419 3433 533 3496 uinum
571 3435 765 3497 conuertit.
790 3436 862 3516 ipse
900 3433 1024 3516 nuptiis
1057 3433 1175 3496 uestris
1206 3433 1398 3496 interesse.

195 3540 323 3601 uosque
345 3518 552 3582 sanctificare
574 3532 608 3583 et
633 3521 827 3584 benedicere
850 3521 1014 3604 dignetur.
1058 3521 1174 3583 Amen.

240 3607 478 3687 Concedatque
518 3606 613 3670 uobis
651 3608 764 3689 quieta
796 3618 978 3690 tempora.
1003 3608 1183 3670 sanitatem
1217 3605 1337 3670 mentis
1368 3614 1403 3668 et

129 3711 131 3714 ·
193 3695 372 3776 corporis.
397 3694 558 3775 gaudium
596 3714 642 3756 ex
672 3695 903 3776 procreatione
933 3705 1124 3758 sanctorum
1165 3692 1340 3756 filiorum.
1367 3706 1401 3755 et

196 3790 272 3864 post
296 3780 407 3843 finitos
431 3780 528 3843 huius
559 3781 649 3843 uitae
680 3781 809 3845 labores
841 3781 941 3846 faciat
967 3780 1042 3865 suos
1073 3800 1188 3863 perue·
1234 3776 1303 3866 [fol.
1325 3793 1399 3859 74v.

196 3868 266 3931 nire
289 3866 427 3930 feliciter
450 3867 492 3930 ad
516 3868 720 3932 consortium
741 3878 933 3932 sanctorum
958 3867 1163 3951 angelorum.
1211 3865 1356 3950 [Amen]

240 3953 373 4037 Quod
364 3975 436 4035 ipse
458 3965 606 4037 prestare
628 3955 793 4037 dignetur.

404 4171 641 4236 BENEDICTIO
663 4184 706 4235 IN
730 4187 908 4236 TEMPORE
933 4183 1215 4236 PESTILENTIAE.

201 4303 387 4433 Dlgnare
418 4305 556 4368 domine
586 4307 668 4369 deus
693 4317 808 4370 noster
833 4307 1012 4370 caelestem
1043 4326 1143 4388 super
1166 4305 1330 4389 populum
1354 4305 1404 4367 in-

308 4393 421 4474 pertiti
455 4393 746 4458 benedictionem.
764 4395 974 4476 pestilentias
1010 4394 1247 4474 morbidasque
1281 4393 1403 4474 egritu-

195 4478 290 4543 dines
313 4480 464 4543 auferre.
482 4500 548 4543 non
573 4491 705 4544 tantum
730 4484 877 4564 corporis
900 4484 959 4544 sed
983 4493 1017 4545 et
1040 4483 1180 4544 animae.
1225 4480 1344 4544 Amen.
