3375 5250
510 419 829 470 BENEDICTIONES
849 419 1108 472 EPISCOPALES.

495 702 731 769 Buuaorcrro
756 718 797 767 1N
823 704 1126 770 Saeruacnsmn.

206 837 473 965 OMnipotens
490 841 572 905 deus
588 843 636 906 ita
656 843 803 908 stadium
825 845 927 908 uestri
943 863 1058 908 cursus
1078 843 1221 925 dirigere
1242 840 1416 924 dignetur.

320 935 359 990 ut
387 927 541 992 brauium
570 949 632 993 uos
669 942 826 996 aeternae
857 933 948 996 uitae
979 929 1264 1014 comprehendere
1302 926 1416 990 iaciat.

202 1010 325 1078 Amen.

252 1098 298 1163 Et
314 1101 362 1164 ita
377 1122 439 1166 uos
455 1103 677 1169 abstinentiae
696 1106 798 1169 armis
816 1105 1020 1171 circumdet.
1033 1114 1070 1170 ut
1087 1104 1187 1168 nullis
1206 1102 1305 1167 huius
1325 1100 1417 1166 uitae

203 1187 362 1266 operibus
389 1191 615 1257 retardemini.
662 1194 782 1259 Amen.

250 1272 383 1358 Quique
400 1297 460 1340 uos
477 1279 611 1343 uineam
634 1300 728 1345 suam
749 1279 884 1344 uocauit
897 1329 905 1345 .
917 1279 1081 1361 uobisque
1098 1287 1234 1342 sanctos
1243 1275 1415 1360 operarios

205 1359 339 1425 mittere
364 1363 523 1446 dignatus
548 1375 624 1433 est.
642 1367 714 1450 ipse
741 1387 803 1431 uos
830 1388 892 1430 sua
916 1367 1024 1451 gratia
1049 1367 1207 1450 dignetur
1234 1364 1415 1429 excolere.

203 1455 242 1509 ut
266 1448 404 1513 denario
431 1452 520 1516 uitae
548 1455 727 1537 perhennis
751 1474 963 1518 remunerare
984 1474 1051 1518 non
1077 1454 1214 1518 abnuat.
1260 1451 1381 1516 Amen.

250 1533 352 1617 Quod
369 1537 442 1620 ipse
465 1551 615 1622 prestare
638 1542 804 1625 dignetur.

533 1827 754 1895 ‘Dou1u1cn
778 1829 1064 1900 Saxnoasuma.

277 1961 321 2026 Et
348 1964 445 2028 uobis
466 1967 623 2033 dominus
646 1972 860 2054 omnipotens
884 1990 1006 2053 magna
1029 1970 1190 2053 mysteria
1214 1967 1308 2052 regni
1335 1968 1411 2032 sui.

317 2051 375 2132 qui
402 2051 468 2116 iarn
495 2056 573 2120 dare
600 2058 757 2141 dignatus
782 2068 833 2123 est
859 2059 1012 2122 auditum
1040 2056 1132 2120 uerbi
1160 2058 1222 2121 sui.
1268 2055 1390 2118 Amen.

249 2132 372 2219 Sicque
396 2151 526 2204 mentes
542 2155 670 2209 uestras
685 2147 824 2209 seminis
846 2145 897 2209 sui
920 2145 1019 2228 copia
1041 2145 1169 2227 repleat
1186 2192 1195 2209 .
1212 2152 1249 2207 ut
1264 2143 1297 2206 in
1315 2141 1412 2205 uobis

202 2220 286 2285 illud
314 2223 377 2289 sibi
402 2226 525 2309 placite
550 2228 767 2315 fructifilcare
794 2233 969 2297 concedat.
1015 2231 1135 2296 Amen.
1269 2228 1341 2312 [iol.
1363 2243 1410 2308 13.

249 2307 294 2373 Et
321 2312 368 2375 ita
396 2335 457 2378 uos
479 2315 524 2379 ab
546 2322 639 2382 omni
662 2322 888 2403 temptatione
911 2321 1041 2384 muniat
1059 2368 1067 2385 .
1085 2318 1244 2401 quatinus
1267 2317 1409 2381 triceni.

200 2400 365 2479 sexageni
379 2449 387 2466 .
400 2410 502 2485 atque
526 2407 657 2470 centeni
681 2406 807 2470 fructus
821 2456 829 2472 .
844 2428 904 2490 pro
927 2427 1008 2472 suae
1028 2407 1155 2490 gratiae
1175 2402 1410 2468 distributione

202 2485 467 2553 munificentiam
495 2491 632 2559 tribuat.
679 2495 800 2559 Amen.

247 2571 348 2656 Quod
373 2575 445 2659 ipse
467 2591 616 2661 prestare
639 2581 806 2666 dignetur.

479 2884 717 2950 Baunmcsro
740 2899 780 2950 ru
806 2886 1149 2969 Qumounoasmn.

202 3022 469 3149 OMnipotens
485 3025 567 3088 deus
580 3045 714 3090 suanos
728 3026 964 3090 benedictione
979 3024 1154 3088 confirmet
1166 3072 1173 3088 .
1184 3034 1218 3088 et
1234 3022 1412 3087 inminenti

316 3111 599 3193 quadragesimali
616 3113 839 3177 abstinentiae
856 3124 954 3195 aptos
970 3112 1102 3176 efficiat.
1147 3112 1266 3174 Amen.

247 3196 381 3280 Quique
421 3218 501 3263 ceco
530 3200 733 3283 supplicanti
756 3221 815 3284 per
857 3200 1044 3263 diuinitatis
1080 3200 1267 3282 potentiam
1296 3197 1409 3262 lumen

200 3287 345 3348 restituit
363 3334 369 3348 .
386 3286 561 3350 cecitatem
596 3287 698 3352 uestri
735 3289 845 3351 cordis
878 3285 1159 3351 clementissimus
1194 3286 1412 3349 inluminator

202 3369 373 3454 abstergat
391 3420 399 3437 .
417 3383 451 3437 et
477 3373 560 3437 lucis
584 3394 665 3438 suae
689 3375 791 3438 radiis
819 3384 950 3440 mentes
979 3385 1109 3438 uestras
1135 3374 1301 3456 benignus
1326 3372 1411 3435 inlu·
1437 3439 1443 3464 Ι

199 3468 294 3523 stret.
340 3460 456 3523 Amen.

248 3545 414 3628 Quatinus
449 3547 607 3611 uitiorum
637 3548 793 3613 sordibus
827 3548 1002 3614 emundati
1020 3596 1029 3613 .
1045 3559 1078 3613 et
1112 3547 1260 3612 caritatis
1291 3546 1410 3609 ardore

203 3632 367 3699 solidati.
390 3634 569 3699 caelestem
615 3635 838 3700 hereditatem
892 3637 1062 3720 percipere
1115 3635 1255 3700 ualeatis
1305 3633 1408 3696 inlesi.

198 3718 320 3786 Amen.

246 3805 346 3889 Quod
371 3808 442 3890 ipse
465 3820 615 3892 prestare
637 3809 804 3893 dignetur.

365 4115 603 4181 Beuuurcmo
627 4117 809 4183 Cruanuu
826 4166 833 4182 .
851 4132 894 4182 ΙΝ
919 4116 1061 4183 Cremu
1086 4116 1243 4183 Iaruuu.

199 4250 465 4379 OMnipotens
481 4254 682 4338 sempiterne
699 4255 781 4319 deus
797 4306 804 4320 .
821 4276 920 4339 parce
936 4256 1184 4322 metuentibus.1

401 4512 409 4541 ¹
428 4514 483 4563 The
495 4512 656 4563 benediction
667 4513 727 4563 here
739 4521 780 4564 cut
793 4514 862 4564 short
873 4531 979 4580 appears
991 4516 1017 4564 in
1028 4516 1075 4565 full
1087 4532 1120 4566 on
1132 4534 1157 4581 p.
1173 4527 1211 4580 79.
