<?xml version="1.0" encoding="UTF-8"?>
<!DOCTYPE html PUBLIC "-//W3C//DTD XHTML 1.0 Transitional//EN"
    "http://www.w3.org/TR/xhtml1/DTD/xhtml1-transitional.dtd">
<html xmlns="http://www.w3.org/1999/xhtml" xml:lang="en" lang="en">
 <head>
  <title>
</title>
<meta http-equiv="Content-Type" content="text/html;charset=utf-8" />
  <meta name='ocr-system' content='tesseract 3.04.00' />
  <meta name='ocr-capabilities' content='ocr_page ocr_carea ocr_par ocr_line ocrx_word'/>
</head>
<body>
  <div class='ocr_page' id='page_1' title='image "benedictionalar00munigoog_0199.png"; bbox 0 0 3375 5250; ppageno 0'>
   <div class='ocr_carea' id='block_1_1' title="bbox 487 406 1061 459">
    <p class='ocr_par' dir='ltr' id='par_1_1' title="bbox 487 406 1061 459">
     <span class='ocr_line' id='line_1_1' title="bbox 487 406 1061 459; baseline 0.005 -4"><span class='ocrx_word' id='word_1_1' title='bbox 487 407 542 455; x_wconf 82' lang='lat' dir='ltr'>AD</span> <span class='ocrx_word' id='word_1_2' title='bbox 563 406 707 457; x_wconf 88' lang='lat' dir='ltr'><em>DUCEM</em></span> <span class='ocrx_word' id='word_1_3' title='bbox 725 407 1061 459; x_wconf 86' lang='lat' dir='ltr'><em>CONSTITUENDUM.</em></span> 
     </span>
    </p>
   </div>
   <div class='ocr_carea' id='block_1_2' title="bbox 280 597 1257 677">
    <p class='ocr_par' dir='ltr' id='par_1_2' title="bbox 280 597 1257 677">
     <span class='ocr_line' id='line_1_2' title="bbox 280 597 1257 677; baseline 0.005 -20"><span class='ocrx_word' id='word_1_4' title='bbox 280 598 344 657; x_wconf 66' lang='lat' dir='ltr'>Iric</span> <span class='ocrx_word' id='word_1_5' title='bbox 354 597 521 675; x_wconf 79' lang='lat' dir='ltr'><em>accingatur</em></span> <span class='ocrx_word' id='word_1_6' title='bbox 528 597 627 674; x_wconf 83' lang='lat' dir='ltr'>gladio</span> <span class='ocrx_word' id='word_1_7' title='bbox 640 599 678 657; x_wconf 88' lang='lat' dir='ltr'>ab</span> <span class='ocrx_word' id='word_1_8' title='bbox 691 598 896 674; x_wconf 76' lang='lat' dir='ltr'><em>archiepiscopo</em></span> <span class='ocrx_word' id='word_1_9' title='bbox 909 607 937 658; x_wconf 88' lang='lat' dir='ltr'>ct</span> <span class='ocrx_word' id='word_1_10' title='bbox 948 607 1077 660; x_wconf 81' lang='lat' dir='ltr'>cantetur</span> <span class='ocrx_word' id='word_1_11' title='bbox 1088 601 1257 677; x_wconf 75' lang='lat' dir='ltr'><em>antiphona.</em></span> 
     </span>
    </p>
   </div>
   <div class='ocr_carea' id='block_1_3' title="bbox 168 721 1387 884">
    <p class='ocr_par' dir='ltr' id='par_1_3' title="bbox 168 721 1387 884">
     <span class='ocr_line' id='line_1_3' title="bbox 210 721 1386 790; baseline 0.006 -8"><span class='ocrx_word' id='word_1_12' title='bbox 210 722 387 784; x_wconf 89' lang='lat' dir='ltr'>Confortare</span> <span class='ocrx_word' id='word_1_13' title='bbox 409 735 439 784; x_wconf 92' lang='lat' dir='ltr'>et</span> <span class='ocrx_word' id='word_1_14' title='bbox 460 733 526 784; x_wconf 90' lang='lat' dir='ltr'>esto</span> <span class='ocrx_word' id='word_1_15' title='bbox 546 721 593 782; x_wconf 93' lang='lat' dir='ltr'>uir</span> <span class='ocrx_word' id='word_1_16' title='bbox 611 724 741 784; x_wconf 88' lang='lat' dir='ltr'>obserua</span> <span class='ocrx_word' id='word_1_17' title='bbox 756 722 910 784; x_wconf 83' lang='lat' dir='ltr'><strong>custodias</strong></span> <span class='ocrx_word' id='word_1_18' title='bbox 927 723 1043 785; x_wconf 90' lang='lat' dir='ltr'>domiui</span> <span class='ocrx_word' id='word_1_19' title='bbox 1062 723 1113 786; x_wconf 95' lang='lat' dir='ltr'>dei</span> <span class='ocrx_word' id='word_1_20' title='bbox 1132 727 1176 787; x_wconf 89' lang='lat' dir='ltr'>tui</span> <span class='ocrx_word' id='word_1_21' title='bbox 1195 737 1228 788; x_wconf 90' lang='lat' dir='ltr'>ut</span> <span class='ocrx_word' id='word_1_22' title='bbox 1246 729 1386 790; x_wconf 86' lang='lat' dir='ltr'>ambules</span> 
     </span>
     <span class='ocr_line' id='line_1_4' title="bbox 168 803 1387 884; baseline 0.007 -24"><span class='ocrx_word' id='word_1_23' title='bbox 168 803 200 862; x_wconf 91' lang='lat' dir='ltr'>in</span> <span class='ocrx_word' id='word_1_24' title='bbox 222 803 278 865; x_wconf 90' lang='lat' dir='ltr'>uiis</span> <span class='ocrx_word' id='word_1_25' title='bbox 299 805 363 864; x_wconf 90' lang='lat' dir='ltr'>eius</span> <span class='ocrx_word' id='word_1_26' title='bbox 389 815 419 864; x_wconf 93' lang='lat' dir='ltr'>et</span> <span class='ocrx_word' id='word_1_27' title='bbox 443 805 597 865; x_wconf 85' lang='lat' dir='ltr'>custodias</span> <span class='ocrx_word' id='word_1_28' title='bbox 622 804 809 866; x_wconf 85' lang='lat' dir='ltr'>ceremonias</span> <span class='ocrx_word' id='word_1_29' title='bbox 834 804 899 865; x_wconf 92' lang='lat' dir='ltr'>eius</span> <span class='ocrx_word' id='word_1_30' title='bbox 924 817 955 867; x_wconf 93' lang='lat' dir='ltr'>et</span> <span class='ocrx_word' id='word_1_31' title='bbox 983 819 1126 884; x_wconf 90' lang='lat' dir='ltr'>precepta</span> <span class='ocrx_word' id='word_1_32' title='bbox 1153 807 1216 869; x_wconf 90' lang='lat' dir='ltr'>eius</span> <span class='ocrx_word' id='word_1_33' title='bbox 1245 820 1276 869; x_wconf 90' lang='lat' dir='ltr'>et</span> <span class='ocrx_word' id='word_1_34' title='bbox 1303 809 1387 872; x_wconf 90' lang='lat' dir='ltr'>testi·</span> 
     </span>
    </p>
   </div>
   <div class='ocr_carea' id='block_1_4' title="bbox 20 866 1349 969">
    <p class='ocr_par' dir='ltr' id='par_1_4' title="bbox 20 866 1349 969">
     <span class='ocr_line' id='line_1_5' title="bbox 20 866 1349 969; baseline 0.01 -28"><span class='ocrx_word' id='word_1_35' title='bbox 20 866 22 869; x_wconf 31' lang='lat'>⁵</span> <span class='ocrx_word' id='word_1_36' title='bbox 107 966 109 969; x_wconf 16' lang='grc' dir='ltr'>Ι</span> <span class='ocrx_word' id='word_1_37' title='bbox 167 883 270 945; x_wconf 89' lang='lat' dir='ltr'>monia</span> <span class='ocrx_word' id='word_1_38' title='bbox 290 896 321 946; x_wconf 89' lang='lat' dir='ltr'>et</span> <span class='ocrx_word' id='word_1_39' title='bbox 341 884 472 947; x_wconf 89' lang='lat' dir='ltr'>iudicia.</span> <span class='ocrx_word' id='word_1_40' title='bbox 489 896 520 948; x_wconf 87' lang='lat' dir='ltr'>et</span> <span class='ocrx_word' id='word_1_41' title='bbox 541 904 733 963; x_wconf 88' lang='lat' dir='ltr'>quocumque</span> <span class='ocrx_word' id='word_1_42' title='bbox 754 895 785 946; x_wconf 93' lang='lat' dir='ltr'>te</span> <span class='ocrx_word' id='word_1_43' title='bbox 805 885 930 947; x_wconf 86' lang='lat' dir='ltr'>uerteris</span> <span class='ocrx_word' id='word_1_44' title='bbox 943 887 963 947; x_wconf 57' lang='grc' dir='ltr'><em>ἕ</em></span> <span class='ocrx_word' id='word_1_45' title='bbox 978 890 1127 950; x_wconf 82' lang='lat' dir='ltr'>confortet</span> <span class='ocrx_word' id='word_1_46' title='bbox 1148 900 1179 951; x_wconf 93' lang='lat' dir='ltr'>te</span> <span class='ocrx_word' id='word_1_47' title='bbox 1200 889 1349 954; x_wconf 90' lang='lat' dir='ltr'>dominus.</span> 
     </span>
    </p>
   </div>
   <div class='ocr_carea' id='block_1_5' title="bbox 475 1072 1075 1148">
    <p class='ocr_par' dir='ltr' id='par_1_5' title="bbox 475 1072 1075 1148">
     <span class='ocr_line' id='line_1_6' title="bbox 475 1072 1075 1148; baseline 0.003 -17"><span class='ocrx_word' id='word_1_48' title='bbox 475 1072 608 1132; x_wconf 84' lang='lat' dir='ltr'><em>Dicatur</em></span> <span class='ocrx_word' id='word_1_49' title='bbox 625 1073 675 1132; x_wconf 84' lang='lat' dir='ltr'>hcc</span> <span class='ocrx_word' id='word_1_50' title='bbox 691 1073 784 1132; x_wconf 86' lang='lat' dir='ltr'>oratio</span> <span class='ocrx_word' id='word_1_51' title='bbox 804 1073 841 1132; x_wconf 82' lang='lat' dir='ltr'>ab</span> <span class='ocrx_word' id='word_1_52' title='bbox 861 1072 1075 1148; x_wconf 76' lang='lat' dir='ltr'><em>archiepiscopo.</em></span> 
     </span>
    </p>
   </div>
   <div class='ocr_carea' id='block_1_6' title="bbox 165 1201 1386 1689">
    <p class='ocr_par' dir='ltr' id='par_1_6' title="bbox 170 1201 1386 1328">
     <span class='ocr_line' id='line_1_7' title="bbox 170 1201 1386 1328; baseline 0.006 -64"><span class='ocrx_word' id='word_1_53' title='bbox 170 1201 331 1328; x_wconf 72' lang='lat' dir='ltr'>ACcipe</span> <span class='ocrx_word' id='word_1_54' title='bbox 352 1203 433 1263; x_wconf 93' lang='lat' dir='ltr'>hunc</span> <span class='ocrx_word' id='word_1_55' title='bbox 454 1203 587 1281; x_wconf 87' lang='lat' dir='ltr'>gladium</span> <span class='ocrx_word' id='word_1_56' title='bbox 608 1222 678 1263; x_wconf 90' lang='lat' dir='ltr'>cum</span> <span class='ocrx_word' id='word_1_57' title='bbox 699 1202 749 1263; x_wconf 93' lang='lat' dir='ltr'>dei</span> <span class='ocrx_word' id='word_1_58' title='bbox 770 1201 986 1264; x_wconf 90' lang='lat' dir='ltr'>benedictione</span> <span class='ocrx_word' id='word_1_59' title='bbox 1007 1203 1062 1265; x_wconf 93' lang='lat' dir='ltr'>tibi</span> <span class='ocrx_word' id='word_1_60' title='bbox 1086 1206 1253 1269; x_wconf 89' lang='lat' dir='ltr'>collatum.</span> <span class='ocrx_word' id='word_1_61' title='bbox 1269 1207 1301 1268; x_wconf 91' lang='lat' dir='ltr'>in</span> <span class='ocrx_word' id='word_1_62' title='bbox 1322 1229 1386 1287; x_wconf 89' lang='lat' dir='ltr'>quo</span> 
     </span>
    </p>

    <p class='ocr_par' dir='ltr' id='par_1_7' title="bbox 165 1283 1385 1689">
     <span class='ocr_line' id='line_1_8' title="bbox 275 1283 1384 1362; baseline 0.008 -20"><span class='ocrx_word' id='word_1_63' title='bbox 275 1302 330 1360; x_wconf 91' lang='lat' dir='ltr'>per</span> <span class='ocrx_word' id='word_1_64' title='bbox 350 1284 493 1346; x_wconf 89' lang='lat' dir='ltr'>uirtutem</span> <span class='ocrx_word' id='word_1_65' title='bbox 513 1283 634 1362; x_wconf 89' lang='lat' dir='ltr'>spiritus</span> <span class='ocrx_word' id='word_1_66' title='bbox 655 1284 751 1345; x_wconf 90' lang='lat' dir='ltr'>sancti</span> <span class='ocrx_word' id='word_1_67' title='bbox 772 1285 909 1346; x_wconf 90' lang='lat' dir='ltr'>resistere</span> <span class='ocrx_word' id='word_1_68' title='bbox 935 1297 969 1350; x_wconf 86' lang='lat' dir='ltr'>et¹</span> <span class='ocrx_word' id='word_1_69' title='bbox 990 1286 1089 1346; x_wconf 88' lang='lat' dir='ltr'>eicere</span> <span class='ocrx_word' id='word_1_70' title='bbox 1113 1306 1220 1348; x_wconf 91' lang='lat' dir='ltr'>omnes</span> <span class='ocrx_word' id='word_1_71' title='bbox 1244 1287 1384 1351; x_wconf 88' lang='lat' dir='ltr'>inimicos</span> 
     </span>
     <span class='ocr_line' id='line_1_9' title="bbox 168 1365 1383 1449; baseline 0.007 -25"><span class='ocrx_word' id='word_1_72' title='bbox 168 1376 238 1426; x_wconf 90' lang='lat' dir='ltr'>tuos</span> <span class='ocrx_word' id='word_1_73' title='bbox 259 1365 361 1425; x_wconf 88' lang='lat' dir='ltr'>ualeas</span> <span class='ocrx_word' id='word_1_74' title='bbox 377 1411 384 1427; x_wconf 95' lang='lat'>.</span> <span class='ocrx_word' id='word_1_75' title='bbox 401 1379 432 1426; x_wconf 90' lang='lat' dir='ltr'>et</span> <span class='ocrx_word' id='word_1_76' title='bbox 456 1377 584 1426; x_wconf 92' lang='lat' dir='ltr'>cunctos</span> <span class='ocrx_word' id='word_1_77' title='bbox 609 1376 713 1427; x_wconf 90' lang='lat' dir='ltr'>sancte</span> <span class='ocrx_word' id='word_1_78' title='bbox 737 1365 787 1425; x_wconf 90' lang='lat' dir='ltr'>dei</span> <span class='ocrx_word' id='word_1_79' title='bbox 811 1365 940 1426; x_wconf 86' lang='lat' dir='ltr'>ecclesie</span> <span class='ocrx_word' id='word_1_80' title='bbox 964 1366 1153 1428; x_wconf 89' lang='lat' dir='ltr'>aduersarios</span> <span class='ocrx_word' id='word_1_81' title='bbox 1178 1368 1383 1449; x_wconf 90' lang='lat' dir='ltr'>ducatumque</span> 
     </span>
     <span class='ocr_line' id='line_1_10' title="bbox 168 1444 1385 1526; baseline 0.005 -20"><span class='ocrx_word' id='word_1_82' title='bbox 168 1444 226 1506; x_wconf 91' lang='lat' dir='ltr'>tibi</span> <span class='ocrx_word' id='word_1_83' title='bbox 257 1446 452 1507; x_wconf 89' lang='lat' dir='ltr'>commissum</span> <span class='ocrx_word' id='word_1_84' title='bbox 480 1445 569 1508; x_wconf 90' lang='lat' dir='ltr'>tutari</span> <span class='ocrx_word' id='word_1_85' title='bbox 584 1495 592 1508; x_wconf 95' lang='lat'>.</span> <span class='ocrx_word' id='word_1_86' title='bbox 607 1458 700 1524; x_wconf 90' lang='lat' dir='ltr'>atque</span> <span class='ocrx_word' id='word_1_87' title='bbox 732 1456 890 1524; x_wconf 85' lang='lat' dir='ltr'>protegere</span> <span class='ocrx_word' id='word_1_88' title='bbox 924 1458 1021 1508; x_wconf 90' lang='lat' dir='ltr'>castra</span> <span class='ocrx_word' id='word_1_89' title='bbox 1055 1448 1105 1508; x_wconf 91' lang='lat' dir='ltr'>dei</span> <span class='ocrx_word' id='word_1_90' title='bbox 1118 1449 1138 1510; x_wconf 60' lang='grc' dir='ltr'><em>ἕ</em></span> <span class='ocrx_word' id='word_1_91' title='bbox 1151 1468 1207 1526; x_wconf 90' lang='lat' dir='ltr'>per</span> <span class='ocrx_word' id='word_1_92' title='bbox 1240 1451 1385 1512; x_wconf 85' lang='lat' dir='ltr'>auxilium</span> 
     </span>
     <span class='ocr_line' id='line_1_11' title="bbox 168 1524 1384 1612; baseline 0.007 -25"><span class='ocrx_word' id='word_1_93' title='bbox 168 1524 358 1587; x_wconf 88' lang='lat' dir='ltr'>inuictissimi</span> <span class='ocrx_word' id='word_1_94' title='bbox 377 1528 605 1606; x_wconf 83' lang='lat' dir='ltr'>triumphatoris</span> <span class='ocrx_word' id='word_1_95' title='bbox 625 1527 742 1588; x_wconf 89' lang='lat' dir='ltr'>domini</span> <span class='ocrx_word' id='word_1_96' title='bbox 764 1527 873 1599; x_wconf 71' lang='lat' dir='ltr'>[nostri</span> <span class='ocrx_word' id='word_1_97' title='bbox 898 1526 983 1589; x_wconf 89' lang='lat' dir='ltr'>ihesu</span> <span class='ocrx_word' id='word_1_98' title='bbox 1008 1529 1109 1590; x_wconf 90' lang='lat' dir='ltr'>christi</span> <span class='ocrx_word' id='word_1_99' title='bbox 1131 1533 1183 1606; x_wconf 92' lang='lat' dir='ltr'>qui</span> <span class='ocrx_word' id='word_1_100' title='bbox 1205 1532 1271 1612; x_wconf 87' lang='lat' dir='ltr'>[fol.</span> <span class='ocrx_word' id='word_1_101' title='bbox 1297 1537 1384 1595; x_wconf 89' lang='lat' dir='ltr'>182v.</span> 
     </span>
     <span class='ocr_line' id='line_1_12' title="bbox 165 1608 1180 1689; baseline 0.004 -22"><span class='ocrx_word' id='word_1_102' title='bbox 165 1628 235 1668; x_wconf 93' lang='lat' dir='ltr'>cum</span> <span class='ocrx_word' id='word_1_103' title='bbox 260 1620 345 1685; x_wconf 88' lang='lat' dir='ltr'>patre</span> <span class='ocrx_word' id='word_1_104' title='bbox 366 1609 398 1669; x_wconf 90' lang='lat' dir='ltr'>in</span> <span class='ocrx_word' id='word_1_105' title='bbox 420 1610 538 1671; x_wconf 88' lang='lat' dir='ltr'>unitate</span> <span class='ocrx_word' id='word_1_106' title='bbox 559 1609 679 1688; x_wconf 91' lang='lat' dir='ltr'>spiritus</span> <span class='ocrx_word' id='word_1_107' title='bbox 701 1609 799 1670; x_wconf 90' lang='lat' dir='ltr'>sancti</span> <span class='ocrx_word' id='word_1_108' title='bbox 820 1608 897 1670; x_wconf 91' lang='lat' dir='ltr'>uiuit</span> <span class='ocrx_word' id='word_1_109' title='bbox 918 1620 949 1670; x_wconf 90' lang='lat' dir='ltr'>et</span> <span class='ocrx_word' id='word_1_110' title='bbox 969 1621 1096 1689; x_wconf 87' lang='lat' dir='ltr'>regnat.</span> <span class='ocrx_word' id='word_1_111' title='bbox 1114 1613 1180 1672; x_wconf 92' lang='lat' dir='ltr'>Per.</span> 
     </span>
    </p>
   </div>
   <div class='ocr_carea' id='block_1_7' title="bbox 700 1808 898 1871">
    <p class='ocr_par' dir='ltr' id='par_1_8' title="bbox 700 1808 898 1871">
     <span class='ocr_line' id='line_1_13' title="bbox 700 1808 898 1871; baseline 0.01 -2"><span class='ocrx_word' id='word_1_112' title='bbox 700 1808 774 1871; x_wconf 84' lang='lat' dir='ltr'>Alia</span> <span class='ocrx_word' id='word_1_113' title='bbox 794 1810 898 1871; x_wconf 89' lang='lat' dir='ltr'>oratio.</span> 
     </span>
    </p>
   </div>
   <div class='ocr_carea' id='block_1_8' title="bbox 174 1932 1394 2265">
    <p class='ocr_par' dir='ltr' id='par_1_9' title="bbox 180 1932 1386 2073">
     <span class='ocr_line' id='line_1_14' title="bbox 180 1932 1386 2073; baseline -0.004 -69"><span class='ocrx_word' id='word_1_114' title='bbox 180 1944 309 2073; x_wconf 85' lang='lat' dir='ltr'>DEus</span> <span class='ocrx_word' id='word_1_115' title='bbox 338 1934 391 2014; x_wconf 90' lang='lat' dir='ltr'>qui</span> <span class='ocrx_word' id='word_1_116' title='bbox 422 1932 613 2012; x_wconf 88' lang='lat' dir='ltr'>prouidentia</span> <span class='ocrx_word' id='word_1_117' title='bbox 640 1941 693 1992; x_wconf 91' lang='lat' dir='ltr'>tua</span> <span class='ocrx_word' id='word_1_118' title='bbox 721 1932 844 1993; x_wconf 89' lang='lat' dir='ltr'>celestia</span> <span class='ocrx_word' id='word_1_119' title='bbox 872 1933 961 1993; x_wconf 90' lang='lat' dir='ltr'>simul</span> <span class='ocrx_word' id='word_1_120' title='bbox 989 1941 1019 1992; x_wconf 93' lang='lat' dir='ltr'>et</span> <span class='ocrx_word' id='word_1_121' title='bbox 1049 1941 1167 1994; x_wconf 87' lang='lat' dir='ltr'>terrena</span> <span class='ocrx_word' id='word_1_122' title='bbox 1200 1937 1386 1998; x_wconf 86' lang='lat' dir='ltr'>moderaris.</span> 
     </span>
    </p>

    <p class='ocr_par' dir='ltr' id='par_1_10' title="bbox 174 2013 1394 2265">
     <span class='ocr_line' id='line_1_15' title="bbox 286 2013 1393 2100; baseline -0.001 -21"><span class='ocrx_word' id='word_1_123' title='bbox 286 2016 453 2100; x_wconf 87' lang='lat' dir='ltr'>propiciare</span> <span class='ocrx_word' id='word_1_124' title='bbox 470 2013 717 2074; x_wconf 88' lang='lat' dir='ltr'>christianissimo</span> <span class='ocrx_word' id='word_1_125' title='bbox 732 2013 803 2073; x_wconf 89' lang='lat' dir='ltr'>duci</span> <span class='ocrx_word' id='word_1_126' title='bbox 821 2013 955 2074; x_wconf 67' lang='lat' dir='ltr'>nostro!</span> <span class='ocrx_word' id='word_1_127' title='bbox 963 2023 997 2073; x_wconf 93' lang='lat' dir='ltr'>ut</span> <span class='ocrx_word' id='word_1_128' title='bbox 1010 2014 1109 2074; x_wconf 88' lang='lat' dir='ltr'>omnis</span> <span class='ocrx_word' id='word_1_129' title='bbox 1123 2015 1255 2076; x_wconf 89' lang='lat' dir='ltr'>hostium</span> <span class='ocrx_word' id='word_1_130' title='bbox 1268 2037 1393 2080; x_wconf 86' lang='lat' dir='ltr'>suorum</span> 
     </span>
     <span class='ocr_line' id='line_1_16' title="bbox 174 2095 1394 2178; baseline -0.003 -12"><span class='ocrx_word' id='word_1_131' title='bbox 174 2103 319 2168; x_wconf 88' lang='lat' dir='ltr'>fortitudo</span> <span class='ocrx_word' id='word_1_132' title='bbox 335 2097 467 2161; x_wconf 78' lang='lat' dir='ltr'>,uirtute</span> <span class='ocrx_word' id='word_1_133' title='bbox 489 2095 582 2174; x_wconf 84' lang='lat' dir='ltr'>gladii</span> <span class='ocrx_word' id='word_1_134' title='bbox 603 2095 764 2171; x_wconf 91' lang='lat' dir='ltr'>spiritualis</span> <span class='ocrx_word' id='word_1_135' title='bbox 785 2095 958 2172; x_wconf 83' lang='lat' dir='ltr'>frangatur.</span> <span class='ocrx_word' id='word_1_136' title='bbox 974 2113 1011 2154; x_wconf 91' lang='lat' dir='ltr'>ac</span> <span class='ocrx_word' id='word_1_137' title='bbox 1032 2105 1062 2154; x_wconf 89' lang='lat' dir='ltr'>te</span> <span class='ocrx_word' id='word_1_138' title='bbox 1083 2115 1139 2172; x_wconf 90' lang='lat' dir='ltr'>pro</span> <span class='ocrx_word' id='word_1_139' title='bbox 1158 2097 1210 2159; x_wconf 91' lang='lat' dir='ltr'>illo</span> <span class='ocrx_word' id='word_1_140' title='bbox 1235 2113 1394 2178; x_wconf 80' lang='lat' dir='ltr'>pugnante</span> 
     </span>
     <span class='ocr_line' id='line_1_17' title="bbox 176 2176 763 2265; baseline -0.02 -16"><span class='ocrx_word' id='word_1_141' title='bbox 176 2187 296 2265; x_wconf 87' lang='lat' dir='ltr'>penitus</span> <span class='ocrx_word' id='word_1_142' title='bbox 316 2188 509 2243; x_wconf 89' lang='lat' dir='ltr'>conteratur.</span> <span class='ocrx_word' id='word_1_143' title='bbox 525 2195 579 2254; x_wconf 91' lang='lat' dir='ltr'>per</span> <span class='ocrx_word' id='word_1_144' title='bbox 598 2176 763 2237; x_wconf 89' lang='lat' dir='ltr'>dominum.</span> 
     </span>
    </p>
   </div>
   <div class='ocr_carea' id='block_1_9' title="bbox 684 2349 882 2412">
    <p class='ocr_par' dir='ltr' id='par_1_11' title="bbox 684 2349 882 2412">
     <span class='ocr_line' id='line_1_18' title="bbox 684 2349 882 2412; baseline 0.01 -3"><span class='ocrx_word' id='word_1_145' title='bbox 684 2349 759 2410; x_wconf 86' lang='lat' dir='ltr'>Aha</span> <span class='ocrx_word' id='word_1_146' title='bbox 779 2350 882 2412; x_wconf 84' lang='lat' dir='ltr'>oratio.</span> 
     </span>
    </p>
   </div>
   <div class='ocr_carea' id='block_1_10' title="bbox 183 2495 1394 2632">
    <p class='ocr_par' dir='ltr' id='par_1_12' title="bbox 183 2495 1394 2632">
     <span class='ocr_line' id='line_1_19' title="bbox 183 2495 1394 2632; baseline -0.002 -68"><span class='ocrx_word' id='word_1_147' title='bbox 183 2503 356 2632; x_wconf 75' lang='lat' dir='ltr'>INimicos</span> <span class='ocrx_word' id='word_1_148' title='bbox 372 2513 440 2562; x_wconf 88' lang='lat' dir='ltr'>tuos</span> <span class='ocrx_word' id='word_1_149' title='bbox 455 2500 495 2560; x_wconf 92' lang='lat' dir='ltr'>ad</span> <span class='ocrx_word' id='word_1_150' title='bbox 514 2497 597 2577; x_wconf 87' lang='lat' dir='ltr'>pacis</span> <span class='ocrx_word' id='word_1_151' title='bbox 612 2497 805 2576; x_wconf 88' lang='lat' dir='ltr'>caritatisque</span> <span class='ocrx_word' id='word_1_152' title='bbox 823 2496 1041 2575; x_wconf 85' lang='lat' dir='ltr'>benignitatem</span> <span class='ocrx_word' id='word_1_153' title='bbox 1051 2495 1071 2556; x_wconf 59' lang='lat' dir='ltr'>i</span> <span class='ocrx_word' id='word_1_154' title='bbox 1079 2507 1236 2559; x_wconf 88' lang='lat' dir='ltr'>conuertat</span> <span class='ocrx_word' id='word_1_155' title='bbox 1249 2498 1394 2561; x_wconf 83' lang='lat' dir='ltr'>dominus</span> 
     </span>
    </p>
   </div>
   <div class='ocr_carea' id='block_1_11' title="bbox 177 2578 1393 3542">
    <p class='ocr_par' dir='ltr' id='par_1_13' title="bbox 258 2578 1393 2657">
     <span class='ocr_line' id='line_1_20' title="bbox 258 2578 1393 2657; baseline -0.006 -10"><span class='ocrx_word' id='word_1_156' title='bbox 258 2585 334 2647; x_wconf 90' lang='lat' dir='ltr'>deus</span> <span class='ocrx_word' id='word_1_157' title='bbox 354 2594 456 2645; x_wconf 89' lang='lat' dir='ltr'>noster</span> <span class='ocrx_word' id='word_1_158' title='bbox 468 2627 475 2643; x_wconf 94' lang='lat'>.</span> <span class='ocrx_word' id='word_1_159' title='bbox 487 2591 518 2642; x_wconf 90' lang='lat' dir='ltr'>et</span> <span class='ocrx_word' id='word_1_160' title='bbox 538 2581 627 2644; x_wconf 89' lang='lat' dir='ltr'>bonis</span> <span class='ocrx_word' id='word_1_161' title='bbox 648 2581 788 2641; x_wconf 90' lang='lat' dir='ltr'>omnibus</span> <span class='ocrx_word' id='word_1_162' title='bbox 810 2590 840 2640; x_wconf 92' lang='lat' dir='ltr'>te</span> <span class='ocrx_word' id='word_1_163' title='bbox 860 2578 1022 2657; x_wconf 89' lang='lat' dir='ltr'>gratiosum</span> <span class='ocrx_word' id='word_1_164' title='bbox 1041 2589 1072 2638; x_wconf 89' lang='lat' dir='ltr'>et</span> <span class='ocrx_word' id='word_1_165' title='bbox 1092 2579 1255 2641; x_wconf 89' lang='lat' dir='ltr'>amabilem</span> <span class='ocrx_word' id='word_1_166' title='bbox 1275 2582 1366 2643; x_wconf 86' lang='lat' dir='ltr'>faciat</span> <span class='ocrx_word' id='word_1_167' title='bbox 1382 2630 1393 2643; x_wconf 87' lang='lat'>..</span> 
     </span>
    </p>

    <p class='ocr_par' dir='ltr' id='par_1_14' title="bbox 177 2659 1389 2824">
     <span class='ocr_line' id='line_1_21' title="bbox 177 2659 1389 2748; baseline -0.006 -18"><span class='ocrx_word' id='word_1_168' title='bbox 177 2666 344 2748; x_wconf 89' lang='lat' dir='ltr'>pertinaces</span> <span class='ocrx_word' id='word_1_169' title='bbox 374 2683 497 2743; x_wconf 90' lang='lat' dir='ltr'>quoque</span> <span class='ocrx_word' id='word_1_170' title='bbox 528 2661 568 2726; x_wconf 88' lang='lat' dir='ltr'>int</span> <span class='ocrx_word' id='word_1_171' title='bbox 589 2663 632 2723; x_wconf 91' lang='lat' dir='ltr'>tui</span> <span class='ocrx_word' id='word_1_172' title='bbox 659 2662 858 2723; x_wconf 91' lang='lat' dir='ltr'>insectatione</span> <span class='ocrx_word' id='word_1_173' title='bbox 887 2671 918 2721; x_wconf 94' lang='lat' dir='ltr'>et</span> <span class='ocrx_word' id='word_1_174' title='bbox 945 2659 1017 2720; x_wconf 91' lang='lat' dir='ltr'>odio</span> <span class='ocrx_word' id='word_1_175' title='bbox 1031 2659 1051 2720; x_wconf 60' lang='grc' dir='ltr'><em>ἕ</em></span> <span class='ocrx_word' id='word_1_176' title='bbox 1065 2661 1242 2723; x_wconf 88' lang='lat' dir='ltr'>confusione</span> <span class='ocrx_word' id='word_1_177' title='bbox 1270 2664 1389 2725; x_wconf 89' lang='lat' dir='ltr'>salutari</span> 
     </span>
     <span class='ocr_line' id='line_1_22' title="bbox 177 2741 1293 2824; baseline -0.006 -12"><span class='ocrx_word' id='word_1_178' title='bbox 177 2750 284 2812; x_wconf 89' lang='lat' dir='ltr'>induat</span> <span class='ocrx_word' id='word_1_179' title='bbox 299 2793 307 2809; x_wconf 90' lang='lat'>.</span> <span class='ocrx_word' id='word_1_180' title='bbox 321 2765 412 2824; x_wconf 89' lang='lat' dir='ltr'>super</span> <span class='ocrx_word' id='word_1_181' title='bbox 431 2758 462 2806; x_wconf 90' lang='lat' dir='ltr'>te</span> <span class='ocrx_word' id='word_1_182' title='bbox 483 2754 585 2805; x_wconf 88' lang='lat' dir='ltr'>autem</span> <span class='ocrx_word' id='word_1_183' title='bbox 606 2742 804 2804; x_wconf 88' lang='lat' dir='ltr'>sanctificatio</span> <span class='ocrx_word' id='word_1_184' title='bbox 825 2743 1006 2819; x_wconf 90' lang='lat' dir='ltr'>sempiterna</span> <span class='ocrx_word' id='word_1_185' title='bbox 1026 2741 1139 2803; x_wconf 89' lang='lat' dir='ltr'>floreat.</span> <span class='ocrx_word' id='word_1_186' title='bbox 1183 2747 1293 2806; x_wconf 88' lang='lat' dir='ltr'>Amen.</span> 
     </span>
    </p>

    <p class='ocr_par' dir='ltr' id='par_1_15' title="bbox 178 2821 1391 3298">
     <span class='ocr_line' id='line_1_23' title="bbox 218 2821 1390 2903; baseline -0.003 -12"><span class='ocrx_word' id='word_1_187' title='bbox 218 2826 508 2903; x_wconf 83' lang='lat' dir='ltr'>Uictoriosumquel</span> <span class='ocrx_word' id='word_1_188' title='bbox 529 2837 620 2903; x_wconf 87' lang='lat' dir='ltr'>atque</span> <span class='ocrx_word' id='word_1_189' title='bbox 642 2826 891 2901; x_wconf 87' lang='lat' dir='ltr'>triumphatorem</span> <span class='ocrx_word' id='word_1_190' title='bbox 912 2824 952 2883; x_wconf 94' lang='lat' dir='ltr'>de</span> <span class='ocrx_word' id='word_1_191' title='bbox 979 2821 1181 2883; x_wconf 89' lang='lat' dir='ltr'>inuisibilibus</span> <span class='ocrx_word' id='word_1_192' title='bbox 1205 2836 1297 2901; x_wconf 92' lang='lat' dir='ltr'>atque</span> <span class='ocrx_word' id='word_1_193' title='bbox 1321 2825 1390 2887; x_wconf 88' lang='lat' dir='ltr'>uisi-</span> 
     </span>
     <span class='ocr_line' id='line_1_24' title="bbox 178 2901 1389 2983; baseline -0.006 -9"><span class='ocrx_word' id='word_1_194' title='bbox 178 2911 290 2974; x_wconf 90' lang='lat' dir='ltr'>bilibus</span> <span class='ocrx_word' id='word_1_195' title='bbox 323 2908 459 2971; x_wconf 88' lang='lat' dir='ltr'>hostibus</span> <span class='ocrx_word' id='word_1_196' title='bbox 494 2926 613 2983; x_wconf 89' lang='lat' dir='ltr'>semper</span> <span class='ocrx_word' id='word_1_197' title='bbox 646 2904 777 2967; x_wconf 88' lang='lat' dir='ltr'>efficiat.</span> <span class='ocrx_word' id='word_1_198' title='bbox 793 2915 824 2966; x_wconf 91' lang='lat' dir='ltr'>et</span> <span class='ocrx_word' id='word_1_199' title='bbox 859 2904 957 2965; x_wconf 90' lang='lat' dir='ltr'>sancti</span> <span class='ocrx_word' id='word_1_200' title='bbox 995 2901 1125 2963; x_wconf 89' lang='lat' dir='ltr'>nominis</span> <span class='ocrx_word' id='word_1_201' title='bbox 1158 2905 1204 2965; x_wconf 88' lang='lat' dir='ltr'>sui</span> <span class='ocrx_word' id='word_1_202' title='bbox 1217 2906 1237 2967; x_wconf 58' lang='grc' dir='ltr'><em>ἕ</em></span> <span class='ocrx_word' id='word_1_203' title='bbox 1251 2906 1389 2968; x_wconf 88' lang='lat' dir='ltr'>timorem</span> 
     </span>
     <span class='ocr_line' id='line_1_25' title="bbox 180 2983 1389 3072; baseline -0.005 -17"><span class='ocrx_word' id='word_1_204' title='bbox 180 2992 292 3072; x_wconf 88' lang='lat' dir='ltr'>pariter</span> <span class='ocrx_word' id='word_1_205' title='bbox 313 3002 344 3053; x_wconf 90' lang='lat' dir='ltr'>et</span> <span class='ocrx_word' id='word_1_206' title='bbox 367 3007 502 3049; x_wconf 89' lang='lat' dir='ltr'>amorem</span> <span class='ocrx_word' id='word_1_207' title='bbox 523 2988 699 3049; x_wconf 87' lang='lat' dir='ltr'>continuum</span> <span class='ocrx_word' id='word_1_208' title='bbox 725 2987 809 3047; x_wconf 91' lang='lat' dir='ltr'>cordi</span> <span class='ocrx_word' id='word_1_209' title='bbox 835 2988 912 3047; x_wconf 81' lang='lat' dir='ltr'>suo²</span> <span class='ocrx_word' id='word_1_210' title='bbox 936 2983 1097 3045; x_wconf 89' lang='lat' dir='ltr'>infundat.</span> <span class='ocrx_word' id='word_1_211' title='bbox 1113 2995 1144 3045; x_wconf 90' lang='lat' dir='ltr'>et</span> <span class='ocrx_word' id='word_1_212' title='bbox 1167 2986 1200 3046; x_wconf 91' lang='lat' dir='ltr'>in</span> <span class='ocrx_word' id='word_1_213' title='bbox 1225 2986 1286 3048; x_wconf 89' lang='lat' dir='ltr'>fide</span> <span class='ocrx_word' id='word_1_214' title='bbox 1307 3000 1389 3049; x_wconf 87' lang='lat' dir='ltr'>recta</span> 
     </span>
     <span class='ocr_line' id='line_1_26' title="bbox 178 3067 1389 3148; baseline -0.005 -12"><span class='ocrx_word' id='word_1_215' title='bbox 178 3096 216 3135; x_wconf 89' lang='lat' dir='ltr'>ac</span> <span class='ocrx_word' id='word_1_216' title='bbox 246 3072 335 3135; x_wconf 88' lang='lat' dir='ltr'>bonis</span> <span class='ocrx_word' id='word_1_217' title='bbox 365 3070 505 3148; x_wconf 90' lang='lat' dir='ltr'>operibus</span> <span class='ocrx_word' id='word_1_218' title='bbox 536 3069 788 3146; x_wconf 88' lang='lat' dir='ltr'>perseuerabilem</span> <span class='ocrx_word' id='word_1_219' title='bbox 818 3068 945 3128; x_wconf 88' lang='lat' dir='ltr'>reddat.</span> <span class='ocrx_word' id='word_1_220' title='bbox 963 3076 994 3127; x_wconf 91' lang='lat' dir='ltr'>et</span> <span class='ocrx_word' id='word_1_221' title='bbox 1024 3084 1101 3142; x_wconf 88' lang='lat' dir='ltr'>pace</span> <span class='ocrx_word' id='word_1_222' title='bbox 1129 3067 1161 3127; x_wconf 90' lang='lat' dir='ltr'>in</span> <span class='ocrx_word' id='word_1_223' title='bbox 1192 3067 1299 3129; x_wconf 88' lang='lat' dir='ltr'>diebus</span> <span class='ocrx_word' id='word_1_224' title='bbox 1330 3070 1389 3130; x_wconf 89' lang='lat' dir='ltr'>tuis</span> 
     </span>
     <span class='ocr_line' id='line_1_27' title="bbox 178 3148 1391 3228; baseline -0.004 -11"><span class='ocrx_word' id='word_1_225' title='bbox 178 3173 344 3217; x_wconf 90' lang='lat' dir='ltr'>concessa.</span> <span class='ocrx_word' id='word_1_226' title='bbox 360 3171 431 3212; x_wconf 92' lang='lat' dir='ltr'>cum</span> <span class='ocrx_word' id='word_1_227' title='bbox 456 3152 557 3228; x_wconf 87' lang='lat' dir='ltr'>palma</span> <span class='ocrx_word' id='word_1_228' title='bbox 578 3148 704 3211; x_wconf 87' lang='lat' dir='ltr'>uictorie</span> <span class='ocrx_word' id='word_1_229' title='bbox 730 3159 762 3211; x_wconf 88' lang='lat' dir='ltr'>te</span> <span class='ocrx_word' id='word_1_230' title='bbox 789 3149 828 3209; x_wconf 92' lang='lat' dir='ltr'>ad</span> <span class='ocrx_word' id='word_1_231' title='bbox 857 3159 1034 3227; x_wconf 90' lang='lat' dir='ltr'>perpetuum</span> <span class='ocrx_word' id='word_1_232' title='bbox 1055 3165 1182 3225; x_wconf 90' lang='lat' dir='ltr'>regnum</span> <span class='ocrx_word' id='word_1_233' title='bbox 1211 3150 1391 3226; x_wconf 67' lang='lat' dir='ltr'>perducat!</span> 
     </span>
     <span class='ocr_line' id='line_1_28' title="bbox 179 3241 290 3298; baseline 0.009 -1"><span class='ocrx_word' id='word_1_234' title='bbox 179 3241 290 3298; x_wconf 89' lang='lat' dir='ltr'>Amen.</span> 
     </span>
    </p>

    <p class='ocr_par' dir='ltr' id='par_1_16' title="bbox 177 3309 1392 3542">
     <span class='ocr_line' id='line_1_29' title="bbox 221 3309 1392 3394; baseline -0.003 -17"><span class='ocrx_word' id='word_1_235' title='bbox 221 3319 262 3378; x_wconf 91' lang='lat' dir='ltr'>Et</span> <span class='ocrx_word' id='word_1_236' title='bbox 289 3316 341 3394; x_wconf 88' lang='lat' dir='ltr'>qui</span> <span class='ocrx_word' id='word_1_237' title='bbox 368 3324 400 3375; x_wconf 91' lang='lat' dir='ltr'>te</span> <span class='ocrx_word' id='word_1_238' title='bbox 427 3309 524 3374; x_wconf 86' lang='lat' dir='ltr'>uoluit</span> <span class='ocrx_word' id='word_1_239' title='bbox 551 3330 641 3389; x_wconf 86' lang='lat' dir='ltr'>super</span> <span class='ocrx_word' id='word_1_240' title='bbox 663 3311 808 3389; x_wconf 88' lang='lat' dir='ltr'>populum</span> <span class='ocrx_word' id='word_1_241' title='bbox 833 3330 922 3371; x_wconf 91' lang='lat' dir='ltr'>suum</span> <span class='ocrx_word' id='word_1_242' title='bbox 946 3309 1129 3371; x_wconf 89' lang='lat' dir='ltr'>constituere</span> <span class='ocrx_word' id='word_1_243' title='bbox 1153 3310 1264 3372; x_wconf 89' lang='lat' dir='ltr'>ducem</span> <span class='ocrx_word' id='word_1_244' title='bbox 1280 3357 1288 3373; x_wconf 96' lang='lat'>.</span> <span class='ocrx_word' id='word_1_245' title='bbox 1303 3322 1334 3373; x_wconf 90' lang='lat' dir='ltr'>et</span> <span class='ocrx_word' id='word_1_246' title='bbox 1360 3311 1392 3373; x_wconf 91' lang='lat' dir='ltr'>in</span> 
     </span>
     <span class='ocr_line' id='line_1_30' title="bbox 177 3389 1389 3479; baseline -0.004 -19"><span class='ocrx_word' id='word_1_247' title='bbox 177 3398 323 3479; x_wconf 73' lang='lat' dir='ltr'>(presenti</span> <span class='ocrx_word' id='word_1_248' title='bbox 358 3397 461 3457; x_wconf 88' lang='lat' dir='ltr'>seculo</span> <span class='ocrx_word' id='word_1_249' title='bbox 489 3393 608 3455; x_wconf 78' lang='lat' dir='ltr'>felicem</span> <span class='ocrx_word' id='word_1_250' title='bbox 623 3436 631 3452; x_wconf 88' lang='lat'>.</span> <span class='ocrx_word' id='word_1_251' title='bbox 646 3404 676 3454; x_wconf 94' lang='lat' dir='ltr'>et</span> <span class='ocrx_word' id='word_1_252' title='bbox 711 3404 814 3453; x_wconf 91' lang='lat' dir='ltr'>eterne</span> <span class='ocrx_word' id='word_1_253' title='bbox 846 3391 995 3453; x_wconf 80' lang='lat' dir='ltr'>felicitatis</span> <span class='ocrx_word' id='word_1_254' title='bbox 1021 3392 1112 3451; x_wconf 88' lang='lat' dir='ltr'>faciat</span> <span class='ocrx_word' id='word_1_255' title='bbox 1140 3410 1205 3453; x_wconf 89' lang='lat' dir='ltr'>esse</span> <span class='ocrx_word' id='word_1_256' title='bbox 1234 3389 1297 3473; x_wconf 89' lang='lat' dir='ltr'>[fol.</span> <span class='ocrx_word' id='word_1_257' title='bbox 1324 3396 1389 3472; x_wconf 83' lang='lat'>183.</span> 
     </span>
     <span class='ocr_line' id='line_1_31' title="bbox 178 3478 510 3542; baseline -0.024 0"><span class='ocrx_word' id='word_1_258' title='bbox 178 3490 358 3542; x_wconf 90' lang='lat' dir='ltr'>consortem.</span> <span class='ocrx_word' id='word_1_259' title='bbox 400 3478 510 3535; x_wconf 90' lang='lat' dir='ltr'>Amen.</span> 
     </span>
    </p>
   </div>
   <div class='ocr_carea' id='block_1_12' title="bbox 221 3555 1398 3716">
    <p class='ocr_par' dir='ltr' id='par_1_17' title="bbox 221 3555 1398 3716">
     <span class='ocr_line' id='line_1_32' title="bbox 222 3555 721 3636; baseline -0.012 -15"><span class='ocrx_word' id='word_1_260' title='bbox 222 3559 314 3636; x_wconf 91' lang='lat' dir='ltr'>Quod</span> <span class='ocrx_word' id='word_1_261' title='bbox 335 3560 400 3636; x_wconf 92' lang='lat' dir='ltr'>ipse</span> <span class='ocrx_word' id='word_1_262' title='bbox 420 3567 552 3635; x_wconf 87' lang='lat' dir='ltr'>prestare</span> <span class='ocrx_word' id='word_1_263' title='bbox 573 3555 721 3634; x_wconf 86' lang='lat' dir='ltr'>dignetur.</span> 
     </span>
     <span class='ocr_line' id='line_1_33' title="bbox 221 3633 1398 3716; baseline -0.007 -14"><span class='ocrx_word' id='word_1_264' title='bbox 221 3640 402 3703; x_wconf 91' lang='lat' dir='ltr'>Benedictio</span> <span class='ocrx_word' id='word_1_265' title='bbox 437 3638 488 3699; x_wconf 91' lang='lat' dir='ltr'>dei</span> <span class='ocrx_word' id='word_1_266' title='bbox 522 3634 639 3716; x_wconf 85' lang='lat' dir='ltr'>patris³</span> <span class='ocrx_word' id='word_1_267' title='bbox 673 3634 915 3713; x_wconf 90' lang='lat' dir='ltr'>omnipotentis.</span> <span class='ocrx_word' id='word_1_268' title='bbox 931 3633 1046 3711; x_wconf 89' lang='lat' dir='ltr'>patris.</span> <span class='ocrx_word' id='word_1_269' title='bbox 1063 3643 1093 3693; x_wconf 90' lang='lat' dir='ltr'>et</span> <span class='ocrx_word' id='word_1_270' title='bbox 1118 3633 1171 3694; x_wconf 89' lang='lat' dir='ltr'>filii</span> <span class='ocrx_word' id='word_1_271' title='bbox 1208 3644 1239 3695; x_wconf 92' lang='lat' dir='ltr'>et</span> <span class='ocrx_word' id='word_1_272' title='bbox 1271 3634 1398 3711; x_wconf 89' lang='lat' dir='ltr'>spiritus</span> 
     </span>
    </p>
   </div>
   <div class='ocr_carea' id='block_1_13' title="bbox 176 3719 1108 3794">
    <p class='ocr_par' dir='ltr' id='par_1_18' title="bbox 176 3719 1108 3794">
     <span class='ocr_line' id='line_1_34' title="bbox 176 3719 1108 3794; baseline -0.01 -10"><span class='ocrx_word' id='word_1_273' title='bbox 176 3723 273 3784; x_wconf 90' lang='lat' dir='ltr'>sancti</span> <span class='ocrx_word' id='word_1_274' title='bbox 293 3720 458 3783; x_wconf 87' lang='lat' dir='ltr'>descendat</span> <span class='ocrx_word' id='word_1_275' title='bbox 479 3728 509 3779; x_wconf 90' lang='lat' dir='ltr'>et</span> <span class='ocrx_word' id='word_1_276' title='bbox 529 3727 650 3778; x_wconf 88' lang='lat' dir='ltr'>maneat</span> <span class='ocrx_word' id='word_1_277' title='bbox 670 3736 759 3794; x_wconf 90' lang='lat' dir='ltr'>super</span> <span class='ocrx_word' id='word_1_278' title='bbox 780 3727 811 3776; x_wconf 90' lang='lat' dir='ltr'>te</span> <span class='ocrx_word' id='word_1_279' title='bbox 831 3734 956 3794; x_wconf 91' lang='lat' dir='ltr'>semper.</span> <span class='ocrx_word' id='word_1_280' title='bbox 999 3719 1108 3775; x_wconf 89' lang='lat' dir='ltr'>Amen.</span> 
     </span>
    </p>
   </div>
   <div class='ocr_carea' id='block_1_14' title="bbox 278 3855 1295 3992">
    <p class='ocr_par' dir='ltr' id='par_1_19' title="bbox 278 3855 1295 3992">
     <span class='ocr_line' id='line_1_35' title="bbox 278 3855 1295 3929; baseline -0.01 -13"><span class='ocrx_word' id='word_1_281' title='bbox 278 3865 286 3894; x_wconf 86' lang='lat'>¹</span> <span class='ocrx_word' id='word_1_282' title='bbox 305 3863 434 3929; x_wconf 89' lang='lat' dir='ltr'>Probably</span> <span class='ocrx_word' id='word_1_283' title='bbox 445 3868 468 3913; x_wconf 85' lang='lat' dir='ltr'>tc</span> <span class='ocrx_word' id='word_1_284' title='bbox 477 3861 568 3911; x_wconf 90' lang='lat' dir='ltr'>should</span> <span class='ocrx_word' id='word_1_285' title='bbox 580 3862 612 3911; x_wconf 93' lang='lat' dir='ltr'>be</span> <span class='ocrx_word' id='word_1_286' title='bbox 624 3860 734 3911; x_wconf 88' lang='lat' dir='ltr'>inserted</span> <span class='ocrx_word' id='word_1_287' title='bbox 746 3860 814 3911; x_wconf 90' lang='lat' dir='ltr'>here.</span> <span class='ocrx_word' id='word_1_288' title='bbox 1153 3855 1164 3885; x_wconf 87' lang='lat'><strong>¹</strong></span> <span class='ocrx_word' id='word_1_289' title='bbox 1180 3857 1224 3921; x_wconf 84' lang='lat' dir='ltr'>Icg.</span> <span class='ocrx_word' id='word_1_290' title='bbox 1244 3865 1295 3907; x_wconf 90' lang='lat' dir='ltr'>tuo.</span> 
     </span>
     <span class='ocr_line' id='line_1_36' title="bbox 460 3922 1114 3992; baseline -0.011 -14"><span class='ocrx_word' id='word_1_291' title='bbox 460 3928 471 3957; x_wconf 84' lang='lat'><strong><em>³</em></strong></span> <span class='ocrx_word' id='word_1_292' title='bbox 485 3927 548 3978; x_wconf 92' lang='lat' dir='ltr'>This</span> <span class='ocrx_word' id='word_1_293' title='bbox 558 3927 630 3978; x_wconf 84' lang='lat' dir='ltr'>word</span> <span class='ocrx_word' id='word_1_294' title='bbox 642 3927 734 3978; x_wconf 90' lang='lat' dir='ltr'>should</span> <span class='ocrx_word' id='word_1_295' title='bbox 745 3924 873 3992; x_wconf 77' lang='lat' dir='ltr'>probably</span> <span class='ocrx_word' id='word_1_296' title='bbox 883 3924 916 3976; x_wconf 92' lang='lat' dir='ltr'>be</span> <span class='ocrx_word' id='word_1_297' title='bbox 928 3923 1036 3975; x_wconf 87' lang='lat' dir='ltr'>omitted</span> <span class='ocrx_word' id='word_1_298' title='bbox 1046 3922 1114 3973; x_wconf 89' lang='lat' dir='ltr'>here.</span> 
     </span>
    </p>
   </div>
   <div class='ocr_carea' id='block_1_15' title="bbox 0 0 1695 5250">
    <p class='ocr_par' dir='ltr' id='par_1_20' title="bbox 0 0 1695 5250">
     <span class='ocr_line' id='line_1_37' title="bbox 0 0 1695 5250; baseline 0 0"><span class='ocrx_word' id='word_1_299' title='bbox 0 0 1695 5250; x_wconf 95' lang='lat' dir='ltr'> </span> 
     </span>
    </p>
   </div>
  </div>
 </body>
</html>
