3375 5250
599 448 918 500 BENEDICTIONES
937 451 1198 502 EPISCOPALES.

537 645 737 711 Dounncn
761 663 824 713 xx,
850 664 941 714 Posr
966 650 1255 715 Psnrscosmu.

295 776 560 904 OMnipotens
594 784 677 848 deus
710 787 868 851 uniuersa
901 809 922 852 a
960 789 1057 852 uobis
1090 786 1233 851 aduersa
1268 785 1430 852 excludat
1447 835 1453 848 .
1470 793 1504 846 et

292 949 362 1013 Am
406 887 466 946 sue
489 889 591 953 super
614 892 677 937 uos
703 874 949 939 benedictionis
974 877 1064 939 dona
1098 875 1303 958 propitiatus
1340 872 1503 937 infundat.

363 973 408 1017 en.

338 1037 450 1105 Corda
473 1051 585 1108 uestra
605 1045 728 1112 efficiat
751 1049 854 1113 sacris
876 1050 1009 1113 intenta
1031 1047 1193 1114 doctrinis
1210 1099 1217 1111 .
1234 1043 1346 1131 quae1
1371 1044 1504 1128 possint

292 1125 410 1207 repleri
434 1129 604 1196 beneficiis
626 1135 849 1216 sempiternis.
894 1138 1013 1201 Amen.

336 1211 505 1313 Quatinus
520 1227 555 1282 et
571 1223 773 1304 exequenda
789 1223 1025 1306 intellegentes
1040 1233 1075 1288 et
1091 1221 1262 1286 intellecta
1275 1227 1502 1302 exequentes.

292 1307 436 1400 etinter
459 1305 601 1370 aduersa
635 1311 752 1372 mundi
775 1311 994 1374 inueniamini
1030 1311 1251 1392 indempnes.
1269 1318 1304 1372 et
1326 1307 1502 1370 beatorum

291 1397 469 1467 sprrrtuum
501 1393 687 1459 efficiamini
711 1395 901 1461 coheredes.
947 1398 1066 1461 Amen.

338 1472 438 1556 Quod
467 1478 539 1560 ipse
565 1493 715 1564 prestare
740 1483 920 1566 dignetur.
937 1486 1041 1549 cuius.

529 1686 750 1770 sDoM1u1cA
773 1703 850 1753 xxr.
876 1702 966 1754 Posr
990 1690 1275 1753 Pentecosten.
1368 1684 1437 1768 [fol.
1456 1701 1507 1767 37.

297 1815 560 1944 OMnipotens
583 1825 666 1889 deus
689 1828 762 1889 dies
786 1837 915 1891 uestros
939 1827 972 1890 in
997 1847 1057 1890 sua
1074 1846 1157 1908 pace
1173 1827 1331 1906 disponat
1347 1873 1354 1888 .
1372 1834 1406 1886 et
1422 1843 1503 1886 suae

410 1909 507 1972 uobis
531 1912 776 1977 benedictionis
799 1916 891 1978 dona
915 1914 1089 1979 concedat.
1134 1915 1252 1977 Amen.

296 2076 304 2089 ο
339 1990 399 2055 Ab
414 1998 570 2061 omnibus
593 2019 654 2063 uos
677 2001 984 2083 perturbationibus
1008 2002 1126 2066 liberet
1142 2051 1149 2064 .
1165 2012 1199 2064 et
1222 2007 1353 2063 mentes
1375 2007 1506 2060 uestras

232 2171 235 2178 .
295 2095 329 2138 rn
351 2098 443 2182 suae·
456 2084 547 2164 pacis
573 2088 816 2171 tranquillitate
839 2088 1036 2152 consolidet.
1081 2088 1197 2152 Amen.

340 2163 508 2248 Quatrnus
539 2175 611 2256 spei
628 2224 634 2238 .
651 2175 729 2239 fidei
746 2227 752 2241 .
769 2188 804 2240 et
843 2178 991 2240 caritatis
1028 2177 1170 2258 gemmis
1211 2171 1342 2238 ornati.
1360 2181 1395 2236 et
1432 2191 1505 2254 pre-

296 2264 428 2354 sentem
456 2259 561 2407 qitam
586 2263 779 2345 transigatis
806 2265 926 2327 inlesi.
944 2273 978 2327 et
1015 2265 1058 2326 ad
1094 2273 1265 2326 aeternam
1303 2258 1507 2342 perueniatis

296 2357 412 2406 secun.
494 2367 575 2412 men.

341 2426 442 2511 Quod
468 2431 540 2515 ipse
566 2445 715 2517 prestare
740 2437 922 2522 dignetur.
939 2437 1034 2501 cuius
1060 2455 1213 2518 regnum.

530 2626 728 2693 Dounncn
752 2642 844 2691 xxn.
870 2641 960 2692 rosr
984 2627 1271 2690 Pnnrrcosrau.

361 2757 590 2824 Enedictionis
621 2764 749 2828 domini
791 2764 899 2845 gratia
941 2782 1001 2825 uos
1035 2780 1168 2842 semper
1201 2765 1431 2839 protegat.et
1461 2756 1507 2819 ab

401 2848 493 2910 omni
518 2850 608 2913 malo
632 2852 801 2915 defendat.
844 2851 963 2913 Arnen.

342 2932 488 2997 Mundet
504 2955 565 2998 uos
580 2937 624 3000 ab
640 2939 732 3001 omni
747 2938 886 3001 crimine
904 2943 1118 3019 peccatorum
1137 2981 1145 2997 .
1162 2941 1197 2995 et
1217 2930 1355 2995 sibimet
1374 2931 1508 3015 placere

297 3018 397 3083 faciat
422 3021 455 3083 in
480 3033 665 3088 aeternum.
711 3025 828 3089 Amen.

344 3106 480 3189 Ubique
505 3111 602 3174 uobis
627 3114 784 3177 dominus
808 3112 963 3195 placatus
990 3117 1166 3173 occurrat.
1184 3116 1219 3170 et
1243 3125 1324 3169 suae
1350 3104 1507 3168 benedic·

296 3194 397 3257 tionis
420 3216 519 3277 opem
543 3198 742 3281 dignanlter
767 3200 939 3263 attribuat.
984 3198 1102 3261 Amen.
1341 3187 1413 3277 [s0l
1433 3206 1506 3272 37v·

343 3278 444 3363 Quod
473 3284 545 3366 ipse
569 3296 717 3369 prestare
743 3287 909 3369 dignetur.

515 3474 715 3538 DOMINICA
738 3487 847 3537 XXIII.
872 3485 961 3537 POST
993 3471 1278 3534 PENT'ECOSTEN.

301 3611 565 3740 OMnipotens
595 3614 678 3677 deus
710 3611 884 3693 adaperiat
918 3629 975 3672 cor
1005 3615 1153 3707 uestrum
1186 3606 1219 3666 in
1257 3603 1330 3686 lege
1356 3622 1416 3665 sua
1439 3650 1446 3665 .
1467 3610 1506 3702 et

412 3702 564 3765 humiliet
589 3701 718 3763 animas
746 3694 900 3773 nostras†
921 3697 964 3759 ad
988 3694 1154 3776 caprenda
1175 3691 1338 3755 mandata
1358 3690 1508 3768 celestia.

297 3793 414 3856 Amen.

342 3876 512 3962 Quicquid
537 3874 633 3938 uobis
656 3894 717 3956 pro
741 3872 849 3936 salute
872 3871 1060 3934 animarum
1085 3875 1272 3929 uestrarum
1297 3884 1335 3927 os
1358 3862 1507 3928 mortali·

298 3969 377 4030 tatis
409 3974 542 4026 nostrae
580 3971 712 4025 enarrat
746 3970 922 4043 acceptum
959 3956 1055 4020 uobis
1092 3955 1201 4037 pietas
1231 3950 1347 4015 diuina
1376 3950 1508 4013 efficiat.

297 4053 417 4117 Amen.

344 4141 394 4205 Ut
414 4137 537 4201 diuinis
557 4135 767 4200 sermonibus
789 4132 931 4197 animati
949 4183 955 4195 .
971 4150 1048 4195 cum
1071 4128 1120 4191 eis
1143 4128 1200 4210 qui
1225 4146 1287 4207 pro
1310 4123 1407 4188 uobis
1424 4122 1509 4185 inui-

298 4228 407 4309 gilant
423 4276 429 4290 .
447 4227 490 4289 ad
522 4235 672 4288 eternam
701 4221 945 4286 beatitudinem
976 4217 1150 4301 peruenire
1181 4211 1378 4277 mereamini
1401 4209 1509 4274 inlesi.

298 4315 415 4378 Amen.

343 4401 443 4484 Quod
476 4400 548 4483 ipse
573 4406 721 4481 prestare
748 4394 1002 4479 dignetur.qui
1029 4410 1105 4454 curn
1134 4396 1238 4471 patre.

823 4532 831 4561 ¹
849 4533 894 4596 leg.
908 4546 968 4595 quo.
