3375 5250
494 408 789 459 RECONCILIATIO
811 409 901 459 LOCI
918 409 1035 459 SACRI.
1333 421 1376 461 111

169 574 294 637 diaboli
333 574 471 638 furentis
506 573 643 637 insidias
682 572 777 635 sortis
814 571 911 635 nobis
948 580 1118 654 pugnator
1153 574 1319 641 assistat.
1344 584 1379 639 et

169 662 327 745 quicquid
366 663 436 725 eius
475 661 658 724 calliditate
688 660 868 723 cotidianis
899 658 1184 739 infestastionibus
1213 657 1284 747 [sol.
1307 678 1377 742 130.

143 793 147 802 ·
170 748 462 812 maculatum.hic
489 757 750 829 corruptumque
773 745 892 809 fuerit.
906 746 1068 810 efficiatur
1090 748 1226 812 caelesti
1254 750 1378 812 sancti-

170 834 326 900 ficatione
350 857 388 900 ac
420 835 640 898 mundatione
670 836 742 897 siue
769 835 983 897 miseratione
1007 845 1255 917 purgatum.et
1283 856 1380 899 num·

170 943 271 1005 quam
295 922 477 1005 posthaec
505 921 631 985 diaboli
661 921 777 984 sraude
800 920 966 1003 pollutum
982 971 990 985 .
1006 923 1085 1005 quia
1107 924 1192 986 sicut
1214 922 1302 987 illius
1325 933 1376 986 est

171 1010 316 1073 solidum
342 1009 593 1093 perlectumque
615 1028 798 1091 quassare.
816 1010 863 1072 ita
893 1011 1038 1072 auctoris
1070 1012 1176 1072 nostri
1204 1020 1254 1073 est
1286 1009 1381 1092 lapsa

172 1098 365 1161 restituere.
379 1107 412 1162 et
435 1106 591 1178 corrupta
612 1116 773 1177 purgare.
787 1095 881 1158 cuius
902 1098 1112 1160 maiestatem
1136 1117 1329 1179 precamur.
1343 1110 1381 1159 ut

171 1185 226 1247 hic
256 1183 348 1248 locus
379 1183 437 1248 fiat
465 1185 507 1248 ab
532 1185 625 1247 omni
652 1182 838 1265 pollutione
869 1193 1031 1265 purgatus
1062 1193 1095 1246 et
1126 1184 1378 1248 sanctificatus.

172 1282 273 1354 atque
304 1273 337 1333 in
368 1272 513 1354 priorem
541 1280 667 1334 statum
693 1271 866 1334 restitutus
893 1281 926 1334 et
955 1270 1186 1336 reconciliatus
1210 1292 1249 1335 ac
1271 1292 1382 1335 sacra-

173 1369 227 1422 tus
242 1409 248 1422 .
266 1379 326 1441 per
341 1359 516 1423 dominum
534 1368 697 1421 nostrum.

735 1690 827 1755 Alia.

246 1861 315 1923 Eus
340 1859 433 1922 cuius
460 1858 594 1920 bonitas
621 1878 683 1920 nec
710 1857 908 1939 principium
933 1877 995 1920 nec
1021 1856 1122 1920 finem
1147 1858 1251 1923 habet
1266 1910 1272 1923 .
1290 1863 1384 1925 cuius

266 1992 268 1995 -
288 1956 340 2009 est
364 1945 493 2028 polluta
519 1964 687 2027 purgare.
708 1944 862 2027 neglecta
885 1953 1091 2008 restaurare.
1110 1946 1229 2009 uitiata
1252 1950 1384 2012 reedifi-

177 2056 252 2098 care
285 2033 410 2096 exaudi
448 2034 616 2095 orationes
655 2040 808 2095 nostras.
825 2041 860 2094 et
897 2031 995 2094 huius
1030 2031 1094 2095 loci
1133 2035 1381 2115 receptaculum

178 2124 329 2204 placatus
356 2120 528 2201 accipias.
550 2118 639 2201 quod
675 2118 864 2182 infestantis
889 2118 1014 2182 diaboli
1042 2117 1160 2183 fraude
1187 2120 1251 2185 suit
1275 2123 1385 2205 pollu-

178 2220 339 2290 tum.per
362 2207 561 2270 inlusionem
585 2206 712 2288 gratiae
737 2206 891 2269 caelestis
915 2205 1385 2291 sanctificespurgatumque

179 2296 375 2379 possideas.
394 2293 488 2356 Nihil
511 2294 566 2356 hic
589 2313 770 2376 quesumus
794 2294 931 2356 domine
953 2304 1030 2374 post
1053 2294 1117 2357 hoc
1141 2304 1261 2359 noceat
1287 2300 1387 2378 culpa

179 2383 328 2467 preteriti
351 2381 522 2463 contagii.
539 2380 623 2443 nihil
645 2381 689 2443 sit
712 2382 803 2463 quod
827 2390 964 2443 maneat
986 2381 1111 2443 inimici
1136 2382 1253 2446 fraude
1277 2384 1385 2466 pollu-

180 2482 252 2535 tum
272 2518 279 2533 .
300 2478 450 2551 resurgat
485 2488 565 2532 uero
602 2468 679 2531 huic
716 2469 791 2531 loco
828 2487 913 2549 pura
950 2467 1172 2549 simplicitas,
1195 2479 1230 2533 et
1259 2472 1386 2535 candor

179 2557 391 2621 innocentiae
417 2553 570 2641 lactenus
595 2555 817 2617 inmaculatus
847 2554 928 2617 dum
953 2556 1071 2638 recipit
1093 2576 1167 2638 gra-
1202 2557 1384 2640 [lol.13ov.

181 2645 263 2710 tiam
302 2652 487 2708 reuertatur
517 2645 560 2706 ad
591 2643 734 2725 gloriam
754 2692 760 2705 .
780 2644 940 2726 quatinus
972 2643 1025 2705 hic
1056 2643 1255 2726 populorum
1287 2647 1386 2710 turba

180 2732 381 2796 conueniens
401 2779 408 2796 .
426 2731 509 2794 dum
536 2731 707 2811 petitionis
733 2731 853 2810 ingerit
880 2740 989 2794 uota.
1010 2740 1165 2794 uotorum
1197 2753 1232 2795 se
1263 2735 1387 2798 sentiat

181 2819 366 2884 obtinuisse
382 2817 541 2900 suffragia
557 2866 564 2880 .
583 2837 643 2900 per
660 2818 849 2882 dominum.

736 3183 829 3248 Alia.

257 3359 327 3423 Eus
344 3358 400 3440 qui
417 3357 450 3418 in
467 3355 592 3418 sanctis
608 3354 764 3418 habitans
781 3374 945 3436 supernae
961 3357 1239 3436 moderaminae†
1255 3363 1392 3443 pietatis

299 3455 423 3508 terram
455 3443 601 3506 mundus
632 3443 793 3505 mundam
826 3441 976 3506 formasti
1000 3491 1008 3507 .
1031 3464 1131 3526 quam
1159 3448 1262 3511 etiam
1293 3452 1392 3531 primi

188 3531 443 3616 preuaricatoris
459 3530 502 3592 de
518 3529 669 3612 supernis
686 3529 782 3591 eiecti
803 3530 941 3592 sedibus
957 3532 1173 3612 suggestione
1189 3534 1391 3600 maculatam

187 3620 303 3702 priscis
334 3619 489 3681 misertus
521 3617 678 3699 paradysi
710 3636 793 3698 quos
825 3617 945 3680 creasti
976 3620 1098 3682 accolis
1120 3668 1128 3684 .
1149 3621 1195 3702 pii
1230 3621 1393 3688 effusione

188 3707 361 3789 sanguinis
394 3725 434 3768 ac
465 3704 612 3786 proprii.
630 3703 673 3765 ab
711 3703 803 3766 omni
835 3704 974 3786 antique
1006 3709 1280 3787 preuaricationis
1314 3732 1393 3774 con·

188 3797 280 3876 tagio
301 3793 464 3857 mundare
485 3800 519 3854 et
540 3791 730 3872 abstergere
749 3791 907 3872 dignatus
929 3812 987 3855 es.
1004 3813 1186 3875 quesumus
1204 3795 1392 3861 inmensam

189 3882 350 3964 pietatem
381 3889 475 3942 tuam
492 3927 499 3942 .
516 3886 554 3941 ut
584 3878 670 3940 hanc
698 3876 853 3940 eclesiam
885 3878 939 3940 uel
970 3879 1034 3942 hoc
1061 3881 1271 3962 cymiterium
1303 3887 1393 3967 quod

189 3969 280 4051 prius
318 3977 376 4032 tua
414 3964 680 4029 sanctificatione
713 3962 914 4027 sanctificari
952 3967 1117 4032 uoluisti.
1140 3972 1295 4051 quamuis
1326 3975 1392 4036 iam

190 4056 339 4119 eiusdem
368 4072 454 4117 neuo
481 4052 734 4135 preuaricatoris
762 4052 966 4115 maculatam
995 4064 1054 4117 tua
1077 4054 1212 4119 caelesti
1240 4059 1394 4122 benedic-

188 4143 279 4208 tione
306 4141 487 4205 benedicas
506 4188 514 4204 .
533 4150 570 4203 ut
595 4139 652 4222 qui
679 4138 741 4201 sub
768 4138 888 4202 timore
915 4149 949 4202 et
972 4141 1021 4204 tui
1044 4161 1157 4204 amore
1180 4145 1324 4209 nominis
1351 4150 1395 4211 ad

189 4232 252 4293 hoc
276 4229 458 4293 oratorium
483 4247 543 4308 pro
566 4225 778 4309 impetranda
802 4246 938 4289 suorum
960 4228 1058 4290 uenia
1078 4239 1291 4310 peccatorum
1316 4254 1395 4297 con-

192 4317 329 4382 ueniant
345 4365 352 4381 .
368 4314 422 4378 uel
449 4315 483 4376 in
514 4314 578 4376 hoc
609 4311 783 4395 cymiterio
813 4313 1046 4395 sepeliantur.
1066 4337 1102 4378 se
1132 4316 1165 4378 in
1197 4330 1395 4400 perpetuum

191 4405 343 4468 omnium
382 4402 516 4466 ueniam
552 4399 779 4482 [peccatorum
812 4399 991 4482 impetrare
1021 4403 1304 4488 gaudeant.[lol.
1325 4424 1395 4488 131.

191 4501 227 4556 et
249 4490 374 4575 gaudia
393 4489 563 4572 percipere
587 4488 792 4568 sempiterna
814 4487 980 4552 laetentur
995 4537 1003 4553 .
1019 4510 1085 4571 per.
