3375 5250
470 410 597 460 SERMO
619 410 675 459 DE
696 412 963 463 DEDICAYIONE
983 416 1203 467 ECCLESIAE.
1410 418 1443 480 69

357 1198 500 1281 l[Suxuo
522 1220 565 1261 nn
587 1219 737 1263 roruturu
759 1220 801 1261 na
822 1221 1041 1265 numeramur
1062 1201 1253 1283 uccnnsrxu]
1291 1201 1355 1284 [sol.
1370 1206 1438 1279 87v.

243 1377 430 1503 NAtalem
459 1380 563 1459 templi
591 1380 679 1441 huius
710 1382 792 1441 diem
821 1382 924 1442 fratres
953 1378 1139 1441 dilectissimi
1167 1383 1278 1440 christo
1306 1379 1438 1459 propitio

351 1481 419 1522 cum
442 1461 625 1523 exultatione
647 1474 677 1523 et
701 1462 812 1540 gaudio
832 1462 925 1523 hodie
946 1463 1132 1522 celebramus
1152 1508 1159 1521 .
1178 1474 1209 1523 et
1230 1474 1356 1522 matrem
1381 1465 1438 1523 sol-

234 1540 441 1620 lempnitatem
463 1542 564 1603 matris
592 1543 719 1605 eclesiae
747 1543 899 1604 christiani
926 1544 1029 1619 populi
1054 1545 1158 1603 colunt
1178 1590 1185 1604 .
1205 1562 1258 1620 per
1285 1563 1376 1620 quam
1405 1564 1437 1605 se

236 1623 406 1700 spiritaliter
433 1636 553 1685 renatos
578 1644 642 1686 esse
670 1637 880 1702 cognoscunt.
896 1626 976 1683 Nam
1001 1624 1052 1701 qui
1072 1644 1126 1701 per
1149 1626 1275 1702 primam
1301 1624 1437 1685 natiuita-

234 1716 296 1765 tem
326 1724 400 1765 uasa
431 1706 474 1766 ire
502 1706 552 1767 dei
584 1706 694 1767 fuimus
713 1751 720 1766 .
742 1726 794 1785 per
826 1706 990 1767 secundam
1022 1725 1095 1765 uasa
1122 1707 1344 1766 misericordiae
1372 1706 1436 1766 fieri

236 1788 418 1847 meruimus.
437 1788 536 1847 Prima
558 1787 638 1849 enim
665 1787 805 1849 natiuitas
829 1806 885 1849 nos
913 1785 1055 1864 produxit
1078 1787 1117 1846 ad
1141 1798 1289 1847 mortem.
1304 1789 1437 1848 secunda

235 1866 389 1928 reuocauit
409 1869 447 1929 ad
475 1868 567 1929 uitam
582 1912 589 1927 .
605 1870 719 1931 Omnes
744 1871 824 1929 enim
853 1888 910 1929 nos
937 1869 1040 1928 fratres
1063 1867 1209 1927 karissimi
1231 1879 1302 1929 ante
1327 1868 1437 1946 baptis·

235 1968 317 2008 mum
353 1949 423 2009 fana
456 1950 568 2012 diaboli
602 1951 711 2013 fuimus
732 1993 739 2011 .
759 1962 828 2027 post
866 1948 1048 2028 baptismum
1085 1950 1200 2026 templa
1233 1948 1335 2009 christi
1369 1968 1435 2011 esse

235 2030 417 2092 meruimus.
433 2042 464 2092 et
492 2032 517 2091 si
549 2032 588 2092 de
621 2034 715 2093 salute
742 2032 842 2108 anime
874 2042 993 2091 nostrae
1027 2029 1177 2090 adtentius
1212 2030 1431 2108 cognouimus.

234 2113 380 2189 templum
402 2111 451 2172 dei
471 2131 574 2174 uerum
596 2121 627 2173 et
646 2114 749 2173 uiuum
777 2130 833 2173 nos
861 2132 926 2173 esse
947 2110 1165 2189 cognouimus.
1183 2112 1255 2171 Non
1280 2112 1377 2171 solum
1400 2112 1432 2172 in

235 2194 412 2253 manufactis
436 2193 549 2254 habitat
571 2194 667 2256 deus.
682 2213 741 2255 nec
760 2194 793 2254 in
817 2194 910 2254 domo
932 2194 971 2253 de
992 2190 1081 2271 lignis
1109 2203 1140 2252 et
1163 2191 1312 2268 lapidibus
1333 2194 1435 2252 facta.

235 2274 288 2334 sed
304 2274 446 2353 precipue
463 2275 495 2333 in
516 2275 616 2335 anima
630 2276 668 2335 ad
685 2276 848 2353 imaginem
864 2276 915 2335 dei
933 2293 1024 2333 manu
1044 2270 1136 2347 ipsius
1153 2272 1272 2333 artificis
1293 2273 1432 2335 condita.

234 2356 284 2415 Sic
304 2353 384 2416 enim
403 2354 526 2435 lbeatus
547 2360 653 2434 paulus
674 2358 828 2434 apostolus
850 2355 923 2415 dixit
937 2397 945 2415 .
957 2356 1118 2431 Templum
1138 2354 1218 2414 enim
1239 2354 1289 2414 dei
1311 2352 1373 2434 [sol.
1384 2357 1434 2415 88.

235 2447 372 2496 sanctum
396 2448 462 2499 est.
480 2440 563 2515 quod
588 2439 658 2498 estis
685 2457 762 2499 uos.
781 2439 909 2512 Templa
934 2436 1014 2495 enirn
1042 2435 1098 2495 ista
1124 2434 1194 2496 ideo
1221 2435 1259 2495 de
1287 2436 1375 2513 lignis
1403 2450 1434 2495 et

234 2516 385 2593 lapidibus
412 2519 595 2579 fabricantur
609 2565 617 2581 .
633 2538 669 2579 ac
702 2519 767 2579 sic¹
796 2520 833 2578 ad
858 2517 1004 2595 templum
1033 2518 1082 2577 dei
1117 2517 1322 2578 conueniant.
1343 2518 1433 2577 Unus

234 2598 428 2660 christianus.
443 2619 537 2661 unum
558 2602 703 2679 templum
725 2600 775 2660 dei
796 2610 862 2660 est.
878 2611 909 2660 et
928 2595 1015 2659 multi
1035 2597 1187 2658 christiani
1207 2599 1301 2658 multa
1321 2600 1433 2675 templa

235 2691 304 2741 sunt
331 2681 381 2742 dei
397 2729 404 2743 .
420 2683 520 2742 Etiam
548 2685 650 2743 fratres
679 2683 779 2743 uidete
804 2700 896 2758 quam
922 2682 1077 2758 pulchrum
1106 2690 1152 2740 est
1175 2681 1321 2756 templum
1349 2681 1432 2756 quod

234 2761 388 2822 edificatur
420 2763 459 2822 de
487 2764 626 2842 templis.
645 2766 684 2824 Et
714 2764 867 2841 quomodo
902 2763 997 2821 multa
1024 2763 1159 2821 membra
1194 2761 1306 2821 faciunt
1336 2780 1430 2820 unum

233 2861 362 2919 corpus.
379 2844 423 2904 sic
444 2846 538 2906 multa
561 2846 696 2922 templa²
720 2846 833 2905 faciunt
854 2863 946 2903 unum
971 2844 1116 2919 templum
1132 2884 1139 2901 .
1154 2843 1215 2902 Sed
1238 2842 1296 2901 ista
1318 2843 1432 2919 templa

233 2921 335 2984 christi
359 2926 418 2986 hoc
441 2936 486 2986 est
510 2939 631 2986 sanetae
655 2925 754 3004 anime
775 2925 953 2984 christianae
969 2969 976 2984 .
991 2923 1124 3000 disperse
1148 2933 1217 2982 sunt
1239 2941 1292 3000 per
1315 2923 1432 2983 uniuer-

232 3024 299 3065 sum
327 3006 473 3066 mundum
487 3052 496 3068 .
512 3009 590 3069 Cum
613 3006 729 3068 uenerit
756 3005 821 3068 dies
848 3005 951 3065 iudicii
978 3005 1239 3081 congregabuntur
1258 3003 1361 3064 omnia
1379 3015 1432 3066 ‚et

232 3086 264 3146 in
291 3084 354 3146 uita
387 3098 491 3149 eterna
523 3087 634 3148 facient
660 3090 806 3165 templum
838 3106 931 3146 unum
954 3086 1144 3162 ,Quomodo
1176 3086 1270 3145 multa
1297 3085 1433 3145 membra

232 3165 334 3228 christi
361 3168 475 3229 faciunt
501 3188 610 3247 corpus
637 3189 753 3229 unum.
769 3182 800 3230 et
828 3169 941 3228 habent
968 3186 1061 3226 unum
1088 3175 1179 3244 caput
1206 3165 1370 3226 christum.
1387 3168 1431 3226 sic

231 3257 263 3309 et
289 3247 341 3308 illa
364 3252 477 3328 templa
498 3251 651 3311 habebunt
675 3249 773 3328 ipsum
797 3247 995 3309 habitatorem
1018 3245 1184 3308 christum.
1203 3246 1274 3324 quia
1297 3246 1432 3307 membra

230 3329 323 3407 ipsius
351 3351 454 3392 sumus
482 3334 534 3409 qui
560 3342 651 3410 caput
671 3343 805 3392 nostrum
833 3340 880 3390 est
899 3374 906 3389 .
924 3329 967 3388 sic
994 3329 1075 3389 enim
1102 3326 1174 3387 dicit
1201 3329 1377 3405 apostolus.
1393 3331 1431 3387 ln

232 3409 373 3473 interiore
400 3412 524 3473 homine
551 3432 604 3490 per
630 3411 739 3492 lfidem
767 3410 901 3471 habitare
925 3412 956 3469 in
983 3409 1123 3471 cordibus
1144 3409 1249 3469 uestris
1284 3406 1345 3488 [sol.
1362 3412 1430 3469 88v.

231 3492 399 3552 christum.
416 3495 609 3556 Gaudeamus
632 3494 702 3571 quia
730 3495 876 3570 templum
898 3493 948 3552 dei
976 3510 1041 3551 esse
1065 3488 1226 3549 meruimus
1242 3535 1249 3550 .
1264 3491 1318 3550 sed
1345 3490 1431 3551 time-

231 3592 316 3633 amus
344 3593 383 3634 ne
412 3577 554 3652 templum
582 3573 633 3636 dei
660 3573 745 3634 malis
777 3573 918 3652 operibus
949 3571 1096 3632 uiolemus
1114 3616 1123 3632 .
1143 3570 1316 3631 Timeamus
1349 3572 1432 3649 quod

232 3653 306 3715 dicit
324 3657 478 3733 apostolus
492 3702 499 3716 .
512 3657 543 3717 Si
557 3658 624 3734 quis
642 3657 787 3734 templum
808 3655 857 3714 dei
870 3653 1044 3714 uiolauerit.
1058 3652 1211 3730 disperdet
1230 3651 1314 3712 illum
1336 3652 1430 3714 deus.

234 3737 318 3796 Deus
338 3735 418 3797 enim
440 3737 490 3814 qui
512 3740 629 3799 caelum
650 3748 679 3798 et
697 3748 804 3797 terram
821 3737 914 3794 uerbo
935 3733 1069 3812 potentie
1093 3753 1144 3811 sue
1166 3731 1229 3792 sine
1247 3733 1309 3792 ullo
1327 3733 1432 3794 labore

232 3816 330 3893 potuit
349 3817 554 3880 fabricare.in
574 3830 605 3879 te
625 3818 764 3895 dignatur
784 3816 940 3876 habitare.
956 3825 987 3876 et
1013 3815 1084 3875 ideo
1109 3813 1152 3875 sic
1172 3815 1266 3874 debes
1289 3833 1376 3890 agere
1399 3825 1432 3874 ut

232 3899 321 3958 talem
349 3899 548 3960 habitatorem
569 3919 632 3960 non
661 3900 757 3977 possis
781 3899 933 3958 offendere
949 3939 956 3954 .
971 3894 1055 3956 Nihil
1082 3914 1154 3973 ergo
1181 3897 1213 3954 in
1241 3905 1271 3954 te
1299 3896 1359 3955 hoc
1385 3906 1432 3956 est

232 3978 264 4037 in
298 3981 412 4057 templo
447 3999 502 4042 suo
533 3980 607 4042 deus
633 3980 767 4041 inueniat
799 3977 952 4039 sordidum
975 4025 983 4039 .
1004 3976 1078 4036 nihil
1112 3978 1305 4038 tenebrosum
1329 4023 1335 4036 .
1357 3974 1433 4036 nihil

231 4062 393 4137 superbum
407 4105 415 4120 .
429 4062 500 4140 quia
526 4062 550 4122 si
572 4061 615 4123 ibi
642 4060 773 4138 aliquam
794 4060 929 4119 iniuriam
952 4056 1107 4137 pertulerit
1122 4059 1200 4121 ,cito
1225 4055 1374 4117 discedit.
1392 4059 1433 4118 Et

231 4140 256 4200 si
276 4142 448 4219 redemptor
468 4141 658 4204 discesserit.
674 4143 774 4203 statim
794 4143 938 4217 deceptor
957 4139 1094 4200 accedit.
1113 4140 1154 4199 Et
1175 4136 1270 4215 qualis
1298 4141 1354 4198 erit
1381 4135 1433 4198 illa

231 4221 331 4282 anima
354 4222 458 4284 infelix
486 4243 564 4302 quae
591 4245 610 4284 a
637 4242 756 4285 summo
777 4224 837 4283 deo
865 4222 1031 4282 deseritur.
1049 4231 1079 4280 et
1103 4219 1225 4280 diabolo
1247 4222 1432 4296 occupatur?

230 4314 375 4364 uacuatur
414 4305 527 4366 lumine
574 4317 603 4366 et
644 4303 776 4366 tenebris
816 4301 1016 4379 adimpletur?
1044 4300 1215 4361 exhauritur
1252 4300 1434 4362 dulcedine.

265 4431 273 4459 ¹
291 4431 408 4483 Martene
425 4433 497 4483 reads
506 4431 687 4496 salutantum
704 4439 734 4481 ut
748 4431 785 4480 ibi
801 4431 893 4495 templa
909 4429 949 4479 det
964 4428 1075 4479 viventia
1091 4432 1283 4492 congregmtm
1298 4441 1328 4477 ac
1343 4427 1374 4478 si.

265 4496 275 4524 ²
295 4497 411 4549 Martdne
428 4500 500 4549 reads
519 4499 636 4548 membra.
