<?xml version="1.0" encoding="UTF-8"?>
<!DOCTYPE html PUBLIC "-//W3C//DTD XHTML 1.0 Transitional//EN"
    "http://www.w3.org/TR/xhtml1/DTD/xhtml1-transitional.dtd">
<html xmlns="http://www.w3.org/1999/xhtml" xml:lang="en" lang="en">
 <head>
  <title>
</title>
<meta http-equiv="Content-Type" content="text/html;charset=utf-8" />
  <meta name='ocr-system' content='tesseract 3.04.00' />
  <meta name='ocr-capabilities' content='ocr_page ocr_carea ocr_par ocr_line ocrx_word'/>
</head>
<body>
  <div class='ocr_page' id='page_1' title='image "benedictionalar00munigoog_0111.png"; bbox 0 0 3375 5250; ppageno 0'>
   <div class='ocr_carea' id='block_1_1' title="bbox 445 430 1406 494">
    <p class='ocr_par' dir='ltr' id='par_1_1' title="bbox 445 430 1406 494">
     <span class='ocr_line' id='line_1_1' title="bbox 445 430 1406 494; baseline 0.001 -14"><span class='ocrx_word' id='word_1_1' title='bbox 445 432 574 482; x_wconf 83' lang='lat' dir='ltr'><em>SERMO</em></span> <span class='ocrx_word' id='word_1_2' title='bbox 595 432 651 480; x_wconf 88' lang='lat' dir='ltr'>DE</span> <span class='ocrx_word' id='word_1_3' title='bbox 673 430 942 482; x_wconf 86' lang='lat' dir='ltr'><em>DEDICATIONE</em></span> <span class='ocrx_word' id='word_1_4' title='bbox 963 432 1185 483; x_wconf 84' lang='lat' dir='ltr'><em>ECCLESIAE.</em></span> <span class='ocrx_word' id='word_1_5' title='bbox 1378 443 1406 494; x_wconf 88' lang='lat'>71</span> 
     </span>
    </p>
   </div>
   <div class='ocr_carea' id='block_1_2' title="bbox 200 591 1407 836">
    <p class='ocr_par' dir='ltr' id='par_1_2' title="bbox 200 591 1407 836">
     <span class='ocr_line' id='line_1_2' title="bbox 200 591 1407 672; baseline 0.002 -19"><span class='ocrx_word' id='word_1_6' title='bbox 200 593 297 655; x_wconf 92' lang='lat' dir='ltr'>inuidi</span> <span class='ocrx_word' id='word_1_7' title='bbox 326 595 375 654; x_wconf 89' lang='lat' dir='ltr'>uel</span> <span class='ocrx_word' id='word_1_8' title='bbox 402 594 544 672; x_wconf 90' lang='lat' dir='ltr'>superbi.</span> <span class='ocrx_word' id='word_1_9' title='bbox 561 591 671 655; x_wconf 86' lang='lat' dir='ltr'><strong>christo</strong></span> <span class='ocrx_word' id='word_1_10' title='bbox 700 593 839 655; x_wconf 89' lang='lat' dir='ltr'>iniuriam</span> <span class='ocrx_word' id='word_1_11' title='bbox 868 594 982 655; x_wconf 80' lang='lat' dir='ltr'>faciunt</span> <span class='ocrx_word' id='word_1_12' title='bbox 998 643 1006 657; x_wconf 96' lang='lat'>.</span> <span class='ocrx_word' id='word_1_13' title='bbox 1021 596 1136 658; x_wconf 87' lang='lat' dir='ltr'><strong>Omnes</strong></span> <span class='ocrx_word' id='word_1_14' title='bbox 1167 598 1267 657; x_wconf 87' lang='lat' dir='ltr'>fures.</span> <span class='ocrx_word' id='word_1_15' title='bbox 1284 607 1314 657; x_wconf 92' lang='lat' dir='ltr'>et</span> <span class='ocrx_word' id='word_1_16' title='bbox 1341 596 1407 656; x_wconf 82' lang='lat' dir='ltr'>falsi</span> 
     </span>
     <span class='ocr_line' id='line_1_3' title="bbox 201 676 1405 754; baseline 0.002 -20"><span class='ocrx_word' id='word_1_17' title='bbox 201 685 293 735; x_wconf 90' lang='lat' dir='ltr'>testes</span> <span class='ocrx_word' id='word_1_18' title='bbox 309 722 316 738; x_wconf 94' lang='lat'>.</span> <span class='ocrx_word' id='word_1_19' title='bbox 331 694 438 737; x_wconf 91' lang='lat' dir='ltr'>omnes</span> <span class='ocrx_word' id='word_1_20' title='bbox 458 679 499 738; x_wconf 92' lang='lat' dir='ltr'>ad</span> <span class='ocrx_word' id='word_1_21' title='bbox 519 678 661 738; x_wconf 91' lang='lat' dir='ltr'>arbores.</span> <span class='ocrx_word' id='word_1_22' title='bbox 677 677 726 736; x_wconf 89' lang='lat' dir='ltr'>uel</span> <span class='ocrx_word' id='word_1_23' title='bbox 747 677 785 736; x_wconf 90' lang='lat' dir='ltr'>ad</span> <span class='ocrx_word' id='word_1_24' title='bbox 811 679 911 737; x_wconf 88' lang='lat' dir='ltr'>sontes</span> <span class='ocrx_word' id='word_1_25' title='bbox 932 688 1005 738; x_wconf 89' lang='lat' dir='ltr'>uota</span> <span class='ocrx_word' id='word_1_26' title='bbox 1029 676 1190 738; x_wconf 86' lang='lat' dir='ltr'>reddentes</span> <span class='ocrx_word' id='word_1_27' title='bbox 1206 724 1213 739; x_wconf 94' lang='lat'>.</span> <span class='ocrx_word' id='word_1_28' title='bbox 1228 697 1333 739; x_wconf 92' lang='lat' dir='ltr'>omnes</span> <span class='ocrx_word' id='word_1_29' title='bbox 1354 678 1405 754; x_wconf 92' lang='lat' dir='ltr'>qui</span> 
     </span>
     <span class='ocr_line' id='line_1_4' title="bbox 201 754 1405 836; baseline 0.002 -21"><span class='ocrx_word' id='word_1_30' title='bbox 201 754 336 834; x_wconf 83' lang='lat' dir='ltr'>caragios</span> <span class='ocrx_word' id='word_1_31' title='bbox 364 767 394 817; x_wconf 88' lang='lat' dir='ltr'>et</span> <span class='ocrx_word' id='word_1_32' title='bbox 424 757 543 818; x_wconf 89' lang='lat' dir='ltr'>diuinos</span> <span class='ocrx_word' id='word_1_33' title='bbox 575 758 625 817; x_wconf 90' lang='lat' dir='ltr'>uel</span> <span class='ocrx_word' id='word_1_34' title='bbox 649 767 871 835; x_wconf 90' lang='lat' dir='ltr'>precantatores</span> <span class='ocrx_word' id='word_1_35' title='bbox 901 768 953 817; x_wconf 94' lang='lat' dir='ltr'>aut</span> <span class='ocrx_word' id='word_1_36' title='bbox 982 769 1104 836; x_wconf 90' lang='lat' dir='ltr'>propter</span> <span class='ocrx_word' id='word_1_37' title='bbox 1133 778 1166 819; x_wconf 91' lang='lat' dir='ltr'>se</span> <span class='ocrx_word' id='word_1_38' title='bbox 1200 770 1251 819; x_wconf 91' lang='lat' dir='ltr'>aut</span> <span class='ocrx_word' id='word_1_39' title='bbox 1283 769 1405 836; x_wconf 87' lang='lat' dir='ltr'>propter</span> 
     </span>
    </p>
   </div>
   <div class='ocr_carea' id='block_1_3' title="bbox 200 836 1411 4565">
    <p class='ocr_par' dir='ltr' id='par_1_3' title="bbox 200 836 1411 4565">
     <span class='ocr_line' id='line_1_5' title="bbox 201 836 1405 916; baseline 0.002 -19"><span class='ocrx_word' id='word_1_40' title='bbox 201 856 271 897; x_wconf 88' lang='lat' dir='ltr'>suos</span> <span class='ocrx_word' id='word_1_41' title='bbox 298 836 473 915; x_wconf 89' lang='lat' dir='ltr'>inquirunt.</span> <span class='ocrx_word' id='word_1_42' title='bbox 488 857 593 898; x_wconf 90' lang='lat' dir='ltr'>omnes</span> <span class='ocrx_word' id='word_1_43' title='bbox 621 838 673 916; x_wconf 94' lang='lat' dir='ltr'>qui</span> <span class='ocrx_word' id='word_1_44' title='bbox 701 838 776 899; x_wconf 87' lang='lat' dir='ltr'>tales</span> <span class='ocrx_word' id='word_1_45' title='bbox 804 849 874 899; x_wconf 90' lang='lat' dir='ltr'>sunt</span> <span class='ocrx_word' id='word_1_46' title='bbox 895 838 1037 899; x_wconf 89' lang='lat' dir='ltr'>christum</span> <span class='ocrx_word' id='word_1_47' title='bbox 1068 840 1108 899; x_wconf 91' lang='lat' dir='ltr'>de</span> <span class='ocrx_word' id='word_1_48' title='bbox 1132 841 1223 902; x_wconf 89' lang='lat' dir='ltr'>corde</span> <span class='ocrx_word' id='word_1_49' title='bbox 1253 859 1309 900; x_wconf 87' lang='lat' dir='ltr'>suo</span> <span class='ocrx_word' id='word_1_50' title='bbox 1339 858 1405 916; x_wconf 90' lang='lat' dir='ltr'>pro-</span> 
     </span>
     <span class='ocr_line' id='line_1_6' title="bbox 201 917 1403 996; baseline 0.002 -19"><span class='ocrx_word' id='word_1_51' title='bbox 201 917 318 980; x_wconf 93' lang='lat' dir='ltr'>iciunt.</span> <span class='ocrx_word' id='word_1_52' title='bbox 334 931 364 979; x_wconf 93' lang='lat' dir='ltr'>et</span> <span class='ocrx_word' id='word_1_53' title='bbox 395 918 550 980; x_wconf 90' lang='lat' dir='ltr'>diabolum</span> <span class='ocrx_word' id='word_1_54' title='bbox 585 919 802 981; x_wconf 91' lang='lat' dir='ltr'>introducunt.</span> <span class='ocrx_word' id='word_1_55' title='bbox 818 921 858 979; x_wconf 89' lang='lat' dir='ltr'>Et</span> <span class='ocrx_word' id='word_1_56' title='bbox 890 918 985 996; x_wconf 89' lang='lat' dir='ltr'>qualis</span> <span class='ocrx_word' id='word_1_57' title='bbox 1013 931 1059 981; x_wconf 91' lang='lat' dir='ltr'>est</span> <span class='ocrx_word' id='word_1_58' title='bbox 1092 920 1196 982; x_wconf 79' lang='lat' dir='ltr'>infelix</span> <span class='ocrx_word' id='word_1_59' title='bbox 1223 921 1275 981; x_wconf 90' lang='lat' dir='ltr'>illa</span> <span class='ocrx_word' id='word_1_60' title='bbox 1302 920 1403 980; x_wconf 86' lang='lat' dir='ltr'>anima</span> 
     </span>
     <span class='ocr_line' id='line_1_7' title="bbox 201 999 1404 1079; baseline 0.002 -20"><span class='ocrx_word' id='word_1_61' title='bbox 201 1019 279 1077; x_wconf 88' lang='lat' dir='ltr'>quae</span> <span class='ocrx_word' id='word_1_62' title='bbox 300 1000 487 1077; x_wconf 86' lang='lat' dir='ltr'>contempnit</span> <span class='ocrx_word' id='word_1_63' title='bbox 507 1000 601 1061; x_wconf 88' lang='lat' dir='ltr'>uitam</span> <span class='ocrx_word' id='word_1_64' title='bbox 622 1012 653 1061; x_wconf 90' lang='lat' dir='ltr'>et</span> <span class='ocrx_word' id='word_1_65' title='bbox 676 999 758 1078; x_wconf 87' lang='lat' dir='ltr'>eligit</span> <span class='ocrx_word' id='word_1_66' title='bbox 786 1011 934 1063; x_wconf 90' lang='lat' dir='ltr'>mortem.</span> <span class='ocrx_word' id='word_1_67' title='bbox 947 1002 1046 1062; x_wconf 91' lang='lat' dir='ltr'>lucem</span> <span class='ocrx_word' id='word_1_68' title='bbox 1067 1002 1195 1079; x_wconf 90' lang='lat' dir='ltr'>despicit</span> <span class='ocrx_word' id='word_1_69' title='bbox 1214 1014 1244 1063; x_wconf 91' lang='lat' dir='ltr'>et</span> <span class='ocrx_word' id='word_1_70' title='bbox 1265 1003 1404 1062; x_wconf 86' lang='lat' dir='ltr'>tenebras</span> 
     </span>
     <span class='ocr_line' id='line_1_8' title="bbox 203 1080 1404 1161; baseline 0.002 -21"><span class='ocrx_word' id='word_1_71' title='bbox 203 1080 322 1159; x_wconf 86' lang='lat' dir='ltr'>querit?</span> <span class='ocrx_word' id='word_1_72' title='bbox 355 1083 470 1144; x_wconf 87' lang='lat' dir='ltr'>Omnes</span> <span class='ocrx_word' id='word_1_73' title='bbox 498 1082 579 1142; x_wconf 92' lang='lat' dir='ltr'>enirn</span> <span class='ocrx_word' id='word_1_74' title='bbox 603 1081 757 1141; x_wconf 92' lang='lat' dir='ltr'>christiani</span> <span class='ocrx_word' id='word_1_75' title='bbox 785 1082 861 1142; x_wconf 89' lang='lat' dir='ltr'>sicut</span> <span class='ocrx_word' id='word_1_76' title='bbox 889 1082 951 1141; x_wconf 86' lang='lat' dir='ltr'>dixi</span> <span class='ocrx_word' id='word_1_77' title='bbox 978 1084 1029 1159; x_wconf 91' lang='lat' dir='ltr'>qui</span> <span class='ocrx_word' id='word_1_78' title='bbox 1058 1084 1134 1143; x_wconf 88' lang='lat' dir='ltr'>tales</span> <span class='ocrx_word' id='word_1_79' title='bbox 1159 1093 1250 1144; x_wconf 90' lang='lat' dir='ltr'>sunt.</span> <span class='ocrx_word' id='word_1_80' title='bbox 1266 1082 1404 1161; x_wconf 87' lang='lat' dir='ltr'>quamuis</span> 
     </span>
     <span class='ocr_line' id='line_1_9' title="bbox 201 1161 1401 1242; baseline 0.002 -21"><span class='ocrx_word' id='word_1_81' title='bbox 201 1163 241 1222; x_wconf 92' lang='lat' dir='ltr'>ad</span> <span class='ocrx_word' id='word_1_82' title='bbox 261 1162 420 1223; x_wconf 87' lang='lat' dir='ltr'>ecclesiam</span> <span class='ocrx_word' id='word_1_83' title='bbox 441 1163 564 1223; x_wconf 89' lang='lat' dir='ltr'>ueniant</span> <span class='ocrx_word' id='word_1_84' title='bbox 584 1173 614 1223; x_wconf 91' lang='lat' dir='ltr'>et</span> <span class='ocrx_word' id='word_1_85' title='bbox 635 1164 674 1223; x_wconf 93' lang='lat' dir='ltr'>ad</span> <span class='ocrx_word' id='word_1_86' title='bbox 695 1164 787 1224; x_wconf 88' lang='lat' dir='ltr'>altare</span> <span class='ocrx_word' id='word_1_87' title='bbox 808 1161 1056 1226; x_wconf 90' lang='lat' dir='ltr'>communicent.</span> <span class='ocrx_word' id='word_1_88' title='bbox 1072 1164 1210 1241; x_wconf 88' lang='lat' dir='ltr'>quamuis</span> <span class='ocrx_word' id='word_1_89' title='bbox 1232 1184 1264 1225; x_wconf 91' lang='lat' dir='ltr'>se</span> <span class='ocrx_word' id='word_1_90' title='bbox 1286 1162 1401 1242; x_wconf 88' lang='lat' dir='ltr'>signare</span> 
     </span>
     <span class='ocr_line' id='line_1_10' title="bbox 203 1242 1403 1322; baseline 0 -19"><span class='ocrx_word' id='word_1_91' title='bbox 203 1244 373 1321; x_wconf 79' lang='lat' dir='ltr'>frequenter</span> <span class='ocrx_word' id='word_1_92' title='bbox 400 1242 629 1305; x_wconf 75' lang='lat' dir='ltr'>uideantur·‘</span> <span class='ocrx_word' id='word_1_93' title='bbox 606 1264 630 1303; x_wconf 87' lang='lat' dir='ltr'>sr</span> <span class='ocrx_word' id='word_1_94' title='bbox 658 1263 712 1321; x_wconf 88' lang='lat' dir='ltr'>per</span> <span class='ocrx_word' id='word_1_95' title='bbox 747 1244 943 1322; x_wconf 81' lang='lat' dir='ltr'>penitentiam</span> <span class='ocrx_word' id='word_1_96' title='bbox 972 1263 1036 1305; x_wconf 90' lang='lat' dir='ltr'>non</span> <span class='ocrx_word' id='word_1_97' title='bbox 1070 1245 1322 1307; x_wconf 89' lang='lat' dir='ltr'>emendauerint.</span> <span class='ocrx_word' id='word_1_98' title='bbox 1341 1264 1403 1305; x_wconf 93' lang='lat' dir='ltr'>non</span> 
     </span>
     <span class='ocr_line' id='line_1_11' title="bbox 201 1323 1401 1417; baseline 0.003 -35"><span class='ocrx_word' id='word_1_99' title='bbox 201 1326 312 1385; x_wconf 83' lang='lat' dir='ltr'>christo</span> <span class='ocrx_word' id='word_1_100' title='bbox 334 1325 389 1385; x_wconf 90' lang='lat' dir='ltr'>sed</span> <span class='ocrx_word' id='word_1_101' title='bbox 412 1325 535 1385; x_wconf 87' lang='lat' dir='ltr'>diabolo</span> <span class='ocrx_word' id='word_1_102' title='bbox 552 1323 690 1417; x_wconf 72' lang='lat' dir='ltr'>seruilre</span> <span class='ocrx_word' id='word_1_103' title='bbox 711 1327 895 1402; x_wconf 83' lang='lat' dir='ltr'>probantur</span> <span class='ocrx_word' id='word_1_104' title='bbox 911 1326 960 1385; x_wconf 93' lang='lat' dir='ltr'>Illi</span> <span class='ocrx_word' id='word_1_105' title='bbox 980 1344 1053 1385; x_wconf 90' lang='lat' dir='ltr'>uero</span> <span class='ocrx_word' id='word_1_106' title='bbox 1074 1324 1226 1387; x_wconf 89' lang='lat' dir='ltr'>christiani</span> <span class='ocrx_word' id='word_1_107' title='bbox 1272 1324 1335 1407; x_wconf 87' lang='lat' dir='ltr'>[fol.</span> <span class='ocrx_word' id='word_1_108' title='bbox 1352 1346 1401 1401; x_wconf 89' lang='lat'>91.</span> 
     </span>
     <span class='ocr_line' id='line_1_12' title="bbox 203 1404 1402 1484; baseline -0.001 -19"><span class='ocrx_word' id='word_1_109' title='bbox 203 1406 254 1482; x_wconf 92' lang='lat' dir='ltr'>qui</span> <span class='ocrx_word' id='word_1_110' title='bbox 275 1408 351 1465; x_wconf 88' lang='lat' dir='ltr'>casti</span> <span class='ocrx_word' id='word_1_111' title='bbox 371 1418 462 1466; x_wconf 91' lang='lat' dir='ltr'>sunt.</span> <span class='ocrx_word' id='word_1_112' title='bbox 477 1405 628 1467; x_wconf 88' lang='lat' dir='ltr'>humiles.</span> <span class='ocrx_word' id='word_1_113' title='bbox 643 1405 756 1468; x_wconf 91' lang='lat' dir='ltr'>sobrii</span> <span class='ocrx_word' id='word_1_114' title='bbox 771 1404 913 1483; x_wconf 87' lang='lat' dir='ltr'>benigni.</span> <span class='ocrx_word' id='word_1_115' title='bbox 925 1404 977 1483; x_wconf 93' lang='lat' dir='ltr'>qui</span> <span class='ocrx_word' id='word_1_116' title='bbox 997 1406 1036 1467; x_wconf 91' lang='lat' dir='ltr'>ad</span> <span class='ocrx_word' id='word_1_117' title='bbox 1057 1407 1196 1468; x_wconf 88' lang='lat' dir='ltr'>eclesiam</span> <span class='ocrx_word' id='word_1_118' title='bbox 1218 1407 1402 1484; x_wconf 82' lang='lat' dir='ltr'>frequentius</span> 
     </span>
     <span class='ocr_line' id='line_1_13' title="bbox 203 1486 1402 1579; baseline 0 -33"><span class='ocrx_word' id='word_1_119' title='bbox 203 1486 350 1547; x_wconf 90' lang='lat' dir='ltr'>ueniunt.</span> <span class='ocrx_word' id='word_1_120' title='bbox 365 1488 417 1565; x_wconf 92' lang='lat' dir='ltr'>qui</span> <span class='ocrx_word' id='word_1_121' title='bbox 445 1488 632 1565; x_wconf 86' lang='lat' dir='ltr'>elemosynas</span> <span class='ocrx_word' id='word_1_122' title='bbox 660 1486 795 1548; x_wconf 86' lang='lat' dir='ltr'>faciunt.</span> <span class='ocrx_word' id='word_1_123' title='bbox 813 1488 866 1564; x_wconf 92' lang='lat' dir='ltr'>qui</span> <span class='ocrx_word' id='word_1_124' title='bbox 893 1506 1001 1579; x_wconf 86' lang='lat' dir='ltr'>pacem</span> <span class='ocrx_word' id='word_1_125' title='bbox 1029 1498 1059 1549; x_wconf 88' lang='lat' dir='ltr'>et</span> <span class='ocrx_word' id='word_1_126' title='bbox 1085 1488 1242 1549; x_wconf 81' lang='lat' dir='ltr'>karitatem</span> <span class='ocrx_word' id='word_1_127' title='bbox 1269 1487 1402 1548; x_wconf 88' lang='lat' dir='ltr'>custodi-</span> 
     </span>
     <span class='ocr_line' id='line_1_14' title="bbox 200 1566 1402 1645; baseline 0 -18"><span class='ocrx_word' id='word_1_128' title='bbox 200 1578 275 1629; x_wconf 90' lang='lat' dir='ltr'>unt.</span> <span class='ocrx_word' id='word_1_129' title='bbox 293 1568 345 1645; x_wconf 92' lang='lat' dir='ltr'>qui</span> <span class='ocrx_word' id='word_1_130' title='bbox 372 1587 429 1629; x_wconf 91' lang='lat' dir='ltr'>nec</span> <span class='ocrx_word' id='word_1_131' title='bbox 456 1570 563 1628; x_wconf 85' lang='lat' dir='ltr'>salsum</span> <span class='ocrx_word' id='word_1_132' title='bbox 596 1566 799 1629; x_wconf 91' lang='lat' dir='ltr'>testimonium</span> <span class='ocrx_word' id='word_1_133' title='bbox 827 1567 1001 1629; x_wconf 90' lang='lat' dir='ltr'>dicunt&#39;.1n</span> <span class='ocrx_word' id='word_1_134' title='bbox 1029 1568 1093 1629; x_wconf 91' lang='lat' dir='ltr'>istis</span> <span class='ocrx_word' id='word_1_135' title='bbox 1120 1569 1229 1629; x_wconf 88' lang='lat' dir='ltr'>talibus</span> <span class='ocrx_word' id='word_1_136' title='bbox 1256 1570 1402 1645; x_wconf 89' lang='lat' dir='ltr'>templum</span> 
     </span>
     <span class='ocr_line' id='line_1_15' title="bbox 203 1648 1403 1727; baseline 0.001 -19"><span class='ocrx_word' id='word_1_137' title='bbox 203 1649 252 1709; x_wconf 90' lang='lat' dir='ltr'>dei</span> <span class='ocrx_word' id='word_1_138' title='bbox 273 1649 420 1726; x_wconf 91' lang='lat' dir='ltr'>integrum</span> <span class='ocrx_word' id='word_1_139' title='bbox 445 1648 611 1709; x_wconf 90' lang='lat' dir='ltr'>custoditur</span> <span class='ocrx_word' id='word_1_140' title='bbox 635 1661 665 1709; x_wconf 93' lang='lat' dir='ltr'>et</span> <span class='ocrx_word' id='word_1_141' title='bbox 688 1650 814 1710; x_wconf 89' lang='lat' dir='ltr'>christus</span> <span class='ocrx_word' id='word_1_142' title='bbox 836 1649 868 1708; x_wconf 93' lang='lat' dir='ltr'>in</span> <span class='ocrx_word' id='word_1_143' title='bbox 895 1648 952 1708; x_wconf 93' lang='lat' dir='ltr'>illis</span> <span class='ocrx_word' id='word_1_144' title='bbox 973 1650 1106 1711; x_wconf 90' lang='lat' dir='ltr'>habitare</span> <span class='ocrx_word' id='word_1_145' title='bbox 1134 1649 1345 1727; x_wconf 87' lang='lat' dir='ltr'>cognoscitur.</span> <span class='ocrx_word' id='word_1_146' title='bbox 1362 1652 1403 1710; x_wconf 87' lang='lat' dir='ltr'>Et</span> 
     </span>
     <span class='ocr_line' id='line_1_16' title="bbox 204 1728 1404 1809; baseline 0.002 -21"><span class='ocrx_word' id='word_1_147' title='bbox 204 1729 273 1790; x_wconf 90' lang='lat' dir='ltr'>ideo</span> <span class='ocrx_word' id='word_1_148' title='bbox 291 1731 394 1790; x_wconf 87' lang='lat' dir='ltr'>fratres</span> <span class='ocrx_word' id='word_1_149' title='bbox 409 1741 439 1790; x_wconf 88' lang='lat' dir='ltr'>et</span> <span class='ocrx_word' id='word_1_150' title='bbox 460 1730 584 1790; x_wconf 91' lang='lat' dir='ltr'>crimina</span> <span class='ocrx_word' id='word_1_151' title='bbox 600 1728 738 1807; x_wconf 90' lang='lat' dir='ltr'>capitalia</span> <span class='ocrx_word' id='word_1_152' title='bbox 756 1750 825 1790; x_wconf 88' lang='lat' dir='ltr'>curn</span> <span class='ocrx_word' id='word_1_153' title='bbox 839 1730 890 1791; x_wconf 92' lang='lat' dir='ltr'>dei</span> <span class='ocrx_word' id='word_1_154' title='bbox 906 1729 1053 1792; x_wconf 88' lang='lat' dir='ltr'>adiutorio</span> <span class='ocrx_word' id='word_1_155' title='bbox 1071 1732 1220 1809; x_wconf 86' lang='lat' dir='ltr'>fugiamus</span> <span class='ocrx_word' id='word_1_156' title='bbox 1241 1742 1271 1791; x_wconf 91' lang='lat' dir='ltr'>et</span> <span class='ocrx_word' id='word_1_157' title='bbox 1288 1730 1404 1790; x_wconf 89' lang='lat' dir='ltr'>minuta</span> 
     </span>
     <span class='ocr_line' id='line_1_17' title="bbox 203 1810 1403 1889; baseline 0 -19"><span class='ocrx_word' id='word_1_158' title='bbox 203 1822 348 1888; x_wconf 88' lang='lat' dir='ltr'>peccata.</span> <span class='ocrx_word' id='word_1_159' title='bbox 366 1811 430 1871; x_wconf 91' lang='lat' dir='ltr'>sine</span> <span class='ocrx_word' id='word_1_160' title='bbox 451 1811 560 1889; x_wconf 92' lang='lat' dir='ltr'>quibus</span> <span class='ocrx_word' id='word_1_161' title='bbox 584 1830 728 1871; x_wconf 89' lang='lat' dir='ltr'>essenon</span> <span class='ocrx_word' id='word_1_162' title='bbox 747 1831 928 1888; x_wconf 91' lang='lat' dir='ltr'>possumus.</span> <span class='ocrx_word' id='word_1_163' title='bbox 943 1811 1103 1872; x_wconf 89' lang='lat' dir='ltr'>cotidianis</span> <span class='ocrx_word' id='word_1_164' title='bbox 1125 1811 1297 1873; x_wconf 91' lang='lat' dir='ltr'>elemosinis</span> <span class='ocrx_word' id='word_1_165' title='bbox 1319 1810 1403 1871; x_wconf 90' lang='lat' dir='ltr'>insis-</span> 
     </span>
     <span class='ocr_line' id='line_1_18' title="bbox 202 1890 1402 1954; baseline -0.001 -2"><span class='ocrx_word' id='word_1_166' title='bbox 202 1903 300 1953; x_wconf 91' lang='lat' dir='ltr'>tentes</span> <span class='ocrx_word' id='word_1_167' title='bbox 316 1939 323 1953; x_wconf 92' lang='lat'>.</span> <span class='ocrx_word' id='word_1_168' title='bbox 337 1892 463 1952; x_wconf 87' lang='lat' dir='ltr'>assiduis</span> <span class='ocrx_word' id='word_1_169' title='bbox 491 1890 581 1953; x_wconf 89' lang='lat' dir='ltr'>etiarn</span> <span class='ocrx_word' id='word_1_170' title='bbox 606 1892 790 1953; x_wconf 90' lang='lat' dir='ltr'>orationibus</span> <span class='ocrx_word' id='word_1_171' title='bbox 813 1892 996 1953; x_wconf 90' lang='lat' dir='ltr'>redimamus</span> <span class='ocrx_word' id='word_1_172' title='bbox 1012 1939 1019 1954; x_wconf 94' lang='lat'>.</span> <span class='ocrx_word' id='word_1_173' title='bbox 1035 1895 1084 1954; x_wconf 92' lang='lat' dir='ltr'>Ne</span> <span class='ocrx_word' id='word_1_174' title='bbox 1108 1894 1184 1953; x_wconf 90' lang='lat' dir='ltr'>sicut</span> <span class='ocrx_word' id='word_1_175' title='bbox 1208 1893 1269 1954; x_wconf 86' lang='lat' dir='ltr'>dixi</span> <span class='ocrx_word' id='word_1_176' title='bbox 1290 1894 1402 1952; x_wconf 89' lang='lat' dir='ltr'>christo</span> 
     </span>
     <span class='ocr_line' id='line_1_19' title="bbox 203 1971 1403 2050; baseline -0.002 -17"><span class='ocrx_word' id='word_1_177' title='bbox 203 1973 341 2033; x_wconf 91' lang='lat' dir='ltr'>iniuriam</span> <span class='ocrx_word' id='word_1_178' title='bbox 354 1973 508 2038; x_wconf 83' lang='lat' dir='ltr'>iacimus†</span> <span class='ocrx_word' id='word_1_179' title='bbox 527 1972 579 2050; x_wconf 92' lang='lat' dir='ltr'>qui</span> <span class='ocrx_word' id='word_1_180' title='bbox 597 1972 628 2032; x_wconf 93' lang='lat' dir='ltr'>in</span> <span class='ocrx_word' id='word_1_181' title='bbox 643 1971 731 2034; x_wconf 93' lang='lat' dir='ltr'>nobis</span> <span class='ocrx_word' id='word_1_182' title='bbox 749 1971 884 2034; x_wconf 89' lang='lat' dir='ltr'>habitare</span> <span class='ocrx_word' id='word_1_183' title='bbox 898 1974 1068 2035; x_wconf 89' lang='lat' dir='ltr'>desiderat.</span> <span class='ocrx_word' id='word_1_184' title='bbox 1081 1976 1152 2034; x_wconf 92' lang='lat' dir='ltr'>Duo</span> <span class='ocrx_word' id='word_1_185' title='bbox 1169 1985 1238 2035; x_wconf 91' lang='lat' dir='ltr'>sunt</span> <span class='ocrx_word' id='word_1_186' title='bbox 1254 1972 1335 2034; x_wconf 91' lang='lat' dir='ltr'>enim</span> <span class='ocrx_word' id='word_1_187' title='bbox 1352 1973 1403 2049; x_wconf 91' lang='lat' dir='ltr'>qui</span> 
     </span>
     <span class='ocr_line' id='line_1_20' title="bbox 202 2052 1403 2117; baseline -0.002 -2"><span class='ocrx_word' id='word_1_188' title='bbox 202 2056 234 2115; x_wconf 91' lang='lat' dir='ltr'>in</span> <span class='ocrx_word' id='word_1_189' title='bbox 262 2053 350 2114; x_wconf 93' lang='lat' dir='ltr'>nobis</span> <span class='ocrx_word' id='word_1_190' title='bbox 377 2055 512 2115; x_wconf 90' lang='lat' dir='ltr'>habitare</span> <span class='ocrx_word' id='word_1_191' title='bbox 540 2052 711 2115; x_wconf 90' lang='lat' dir='ltr'>desiderant</span> <span class='ocrx_word' id='word_1_192' title='bbox 727 2101 734 2115; x_wconf 94' lang='lat'>.</span> <span class='ocrx_word' id='word_1_193' title='bbox 749 2054 875 2114; x_wconf 92' lang='lat' dir='ltr'>christus</span> <span class='ocrx_word' id='word_1_194' title='bbox 902 2056 1043 2115; x_wconf 91' lang='lat' dir='ltr'>dominus</span> <span class='ocrx_word' id='word_1_195' title='bbox 1069 2066 1192 2117; x_wconf 88' lang='lat' dir='ltr'>noster.</span> <span class='ocrx_word' id='word_1_196' title='bbox 1208 2066 1238 2116; x_wconf 92' lang='lat' dir='ltr'>et</span> <span class='ocrx_word' id='word_1_197' title='bbox 1265 2054 1403 2115; x_wconf 89' lang='lat' dir='ltr'>diabolus</span> 
     </span>
     <span class='ocr_line' id='line_1_21' title="bbox 203 2133 1403 2211; baseline 0 -16"><span class='ocrx_word' id='word_1_198' title='bbox 203 2133 389 2196; x_wconf 90' lang='lat' dir='ltr'>aduersarius</span> <span class='ocrx_word' id='word_1_199' title='bbox 416 2146 517 2196; x_wconf 91' lang='lat' dir='ltr'>noster</span> <span class='ocrx_word' id='word_1_200' title='bbox 533 2181 540 2197; x_wconf 99' lang='lat'>.</span> <span class='ocrx_word' id='word_1_201' title='bbox 554 2137 646 2195; x_wconf 89' lang='lat' dir='ltr'>ambo</span> <span class='ocrx_word' id='word_1_202' title='bbox 674 2135 755 2196; x_wconf 91' lang='lat' dir='ltr'>enim</span> <span class='ocrx_word' id='word_1_203' title='bbox 785 2137 906 2211; x_wconf 91' lang='lat' dir='ltr'>pulsant</span> <span class='ocrx_word' id='word_1_204' title='bbox 933 2137 972 2196; x_wconf 90' lang='lat' dir='ltr'>ad</span> <span class='ocrx_word' id='word_1_205' title='bbox 1000 2138 1131 2197; x_wconf 91' lang='lat' dir='ltr'>hostium</span> <span class='ocrx_word' id='word_1_206' title='bbox 1159 2135 1258 2197; x_wconf 89' lang='lat' dir='ltr'>cordis</span> <span class='ocrx_word' id='word_1_207' title='bbox 1286 2135 1403 2196; x_wconf 92' lang='lat' dir='ltr'>nostri.</span> 
     </span>
     <span class='ocr_line' id='line_1_22' title="bbox 208 2215 1402 2293; baseline -0.002 -17"><span class='ocrx_word' id='word_1_208' title='bbox 208 2217 280 2277; x_wconf 92' lang='lat' dir='ltr'>Noli</span> <span class='ocrx_word' id='word_1_209' title='bbox 304 2216 446 2277; x_wconf 89' lang='lat' dir='ltr'>christum</span> <span class='ocrx_word' id='word_1_210' title='bbox 468 2218 632 2293; x_wconf 90' lang='lat' dir='ltr'>repellere.</span> <span class='ocrx_word' id='word_1_211' title='bbox 649 2216 680 2277; x_wconf 91' lang='lat' dir='ltr'>Si</span> <span class='ocrx_word' id='word_1_212' title='bbox 702 2216 747 2276; x_wconf 89' lang='lat' dir='ltr'>uis</span> <span class='ocrx_word' id='word_1_213' title='bbox 766 2215 966 2277; x_wconf 89' lang='lat' dir='ltr'>aduersarium</span> <span class='ocrx_word' id='word_1_214' title='bbox 983 2236 1046 2277; x_wconf 92' lang='lat' dir='ltr'>non</span> <span class='ocrx_word' id='word_1_215' title='bbox 1067 2218 1194 2277; x_wconf 89' lang='lat' dir='ltr'>timere.</span> <span class='ocrx_word' id='word_1_216' title='bbox 1209 2228 1278 2277; x_wconf 90' lang='lat' dir='ltr'>tene</span> <span class='ocrx_word' id='word_1_217' title='bbox 1301 2236 1402 2293; x_wconf 89' lang='lat' dir='ltr'>regem</span> 
     </span>
     <span class='ocr_line' id='line_1_23' title="bbox 204 2297 1404 2375; baseline 0 -19"><span class='ocrx_word' id='word_1_218' title='bbox 204 2297 392 2375; x_wconf 89' lang='lat' dir='ltr'>legitimum.</span> <span class='ocrx_word' id='word_1_219' title='bbox 408 2311 439 2359; x_wconf 93' lang='lat' dir='ltr'>et</span> <span class='ocrx_word' id='word_1_220' title='bbox 459 2298 611 2359; x_wconf 88' lang='lat' dir='ltr'>crudelem</span> <span class='ocrx_word' id='word_1_221' title='bbox 631 2309 788 2375; x_wconf 91' lang='lat' dir='ltr'>tyrannum</span> <span class='ocrx_word' id='word_1_222' title='bbox 809 2317 872 2358; x_wconf 93' lang='lat' dir='ltr'>non</span> <span class='ocrx_word' id='word_1_223' title='bbox 893 2298 1125 2359; x_wconf 91' lang='lat' dir='ltr'>timebis.Tene</span> <span class='ocrx_word' id='word_1_224' title='bbox 1145 2301 1302 2359; x_wconf 90' lang='lat' dir='ltr'>lueem.et</span> <span class='ocrx_word' id='word_1_225' title='bbox 1323 2307 1404 2357; x_wconf 89' lang='lat' dir='ltr'>tene-</span> 
     </span>
     <span class='ocr_line' id='line_1_24' title="bbox 203 2377 1402 2455; baseline -0.001 -16"><span class='ocrx_word' id='word_1_226' title='bbox 203 2380 255 2439; x_wconf 92' lang='lat' dir='ltr'>bre</span> <span class='ocrx_word' id='word_1_227' title='bbox 283 2379 322 2439; x_wconf 93' lang='lat' dir='ltr'>ad</span> <span class='ocrx_word' id='word_1_228' title='bbox 351 2390 381 2439; x_wconf 91' lang='lat' dir='ltr'>te</span> <span class='ocrx_word' id='word_1_229' title='bbox 409 2379 553 2439; x_wconf 86' lang='lat' dir='ltr'>accedere</span> <span class='ocrx_word' id='word_1_230' title='bbox 580 2398 642 2439; x_wconf 92' lang='lat' dir='ltr'>non</span> <span class='ocrx_word' id='word_1_231' title='bbox 669 2379 844 2440; x_wconf 88' lang='lat' dir='ltr'>audebunt.</span> <span class='ocrx_word' id='word_1_232' title='bbox 860 2382 940 2438; x_wconf 92' lang='lat' dir='ltr'>Ama</span> <span class='ocrx_word' id='word_1_233' title='bbox 967 2378 1061 2439; x_wconf 91' lang='lat' dir='ltr'>uitam</span> <span class='ocrx_word' id='word_1_234' title='bbox 1077 2427 1084 2442; x_wconf 95' lang='lat'>.</span> <span class='ocrx_word' id='word_1_235' title='bbox 1100 2391 1132 2439; x_wconf 91' lang='lat' dir='ltr'>ut</span> <span class='ocrx_word' id='word_1_236' title='bbox 1156 2377 1253 2455; x_wconf 91' lang='lat' dir='ltr'>possis</span> <span class='ocrx_word' id='word_1_237' title='bbox 1274 2380 1402 2439; x_wconf 90' lang='lat' dir='ltr'>euadere</span> 
     </span>
     <span class='ocr_line' id='line_1_25' title="bbox 204 2457 1401 2537; baseline -0.002 -18"><span class='ocrx_word' id='word_1_238' title='bbox 204 2471 332 2520; x_wconf 81' lang='lat' dir='ltr'>mortem</span> <span class='ocrx_word' id='word_1_239' title='bbox 348 2506 355 2521; x_wconf 94' lang='lat'>.</span> <span class='ocrx_word' id='word_1_240' title='bbox 371 2470 400 2521; x_wconf 93' lang='lat' dir='ltr'>et</span> <span class='ocrx_word' id='word_1_241' title='bbox 428 2460 498 2521; x_wconf 91' lang='lat' dir='ltr'>ideo</span> <span class='ocrx_word' id='word_1_242' title='bbox 526 2457 669 2520; x_wconf 91' lang='lat' dir='ltr'>castitatis</span> <span class='ocrx_word' id='word_1_243' title='bbox 693 2459 876 2521; x_wconf 88' lang='lat' dir='ltr'>aromatibus</span> <span class='ocrx_word' id='word_1_244' title='bbox 899 2462 1066 2537; x_wconf 81' lang='lat' dir='ltr'>repleamus</span> <span class='ocrx_word' id='word_1_245' title='bbox 1093 2460 1224 2520; x_wconf 89' lang='lat' dir='ltr'>animam</span> <span class='ocrx_word' id='word_1_246' title='bbox 1246 2470 1401 2520; x_wconf 90' lang='lat' dir='ltr'>nostram.</span> 
     </span>
     <span class='ocr_line' id='line_1_26' title="bbox 206 2538 1401 2621; baseline -0.001 -21"><span class='ocrx_word' id='word_1_247' title='bbox 206 2539 396 2621; x_wconf 68' lang='lat' dir='ltr'>elemossinis</span> <span class='ocrx_word' id='word_1_248' title='bbox 418 2541 608 2601; x_wconf 89' lang='lat' dir='ltr'>dealbemus.</span> <span class='ocrx_word' id='word_1_249' title='bbox 623 2552 653 2601; x_wconf 90' lang='lat' dir='ltr'>et</span> <span class='ocrx_word' id='word_1_250' title='bbox 674 2540 798 2602; x_wconf 89' lang='lat' dir='ltr'>diuersis</span> <span class='ocrx_word' id='word_1_251' title='bbox 823 2541 914 2601; x_wconf 87' lang='lat' dir='ltr'>etiarn</span> <span class='ocrx_word' id='word_1_252' title='bbox 937 2541 1077 2601; x_wconf 91' lang='lat' dir='ltr'>uirtutum</span> <span class='ocrx_word' id='word_1_253' title='bbox 1101 2541 1223 2603; x_wconf 91' lang='lat' dir='ltr'>floribus</span> <span class='ocrx_word' id='word_1_254' title='bbox 1256 2538 1316 2621; x_wconf 85' lang='lat' dir='ltr'>[fol.</span> <span class='ocrx_word' id='word_1_255' title='bbox 1334 2561 1401 2616; x_wconf 88' lang='lat' dir='ltr'>91v.</span> 
     </span>
     <span class='ocr_line' id='line_1_27' title="bbox 204 2621 1404 2699; baseline -0.001 -17"><span class='ocrx_word' id='word_1_256' title='bbox 204 2623 407 2683; x_wconf 88' lang='lat' dir='ltr'>adornemus.</span> <span class='ocrx_word' id='word_1_257' title='bbox 423 2635 456 2682; x_wconf 93' lang='lat' dir='ltr'>ut</span> <span class='ocrx_word' id='word_1_258' title='bbox 474 2622 617 2683; x_wconf 90' lang='lat' dir='ltr'>christum</span> <span class='ocrx_word' id='word_1_259' title='bbox 641 2622 798 2683; x_wconf 87' lang='lat' dir='ltr'>dominum</span> <span class='ocrx_word' id='word_1_260' title='bbox 820 2634 953 2684; x_wconf 90' lang='lat' dir='ltr'>nostrum</span> <span class='ocrx_word' id='word_1_261' title='bbox 974 2624 1034 2684; x_wconf 89' lang='lat' dir='ltr'>fide</span> <span class='ocrx_word' id='word_1_262' title='bbox 1055 2622 1215 2685; x_wconf 89' lang='lat' dir='ltr'>inuitemus</span> <span class='ocrx_word' id='word_1_263' title='bbox 1229 2621 1249 2684; x_wconf 57' lang='grc' dir='ltr'>τ’</span> <span class='ocrx_word' id='word_1_264' title='bbox 1263 2642 1316 2699; x_wconf 90' lang='lat' dir='ltr'>spe</span> <span class='ocrx_word' id='word_1_265' title='bbox 1339 2641 1404 2699; x_wconf 89' lang='lat' dir='ltr'>pas-</span> 
     </span>
     <span class='ocr_line' id='line_1_28' title="bbox 204 2703 1400 2782; baseline -0.001 -19"><span class='ocrx_word' id='word_1_266' title='bbox 204 2703 324 2781; x_wconf 86' lang='lat' dir='ltr'>camur†</span> <span class='ocrx_word' id='word_1_267' title='bbox 339 2749 346 2763; x_wconf 97' lang='lat'>.</span> <span class='ocrx_word' id='word_1_268' title='bbox 362 2705 483 2764; x_wconf 90' lang='lat' dir='ltr'>caritate</span> <span class='ocrx_word' id='word_1_269' title='bbox 518 2715 657 2782; x_wconf 91' lang='lat' dir='ltr'>potemus</span> <span class='ocrx_word' id='word_1_270' title='bbox 673 2714 726 2766; x_wconf 83' lang='lat' dir='ltr'>,et</span> <span class='ocrx_word' id='word_1_271' title='bbox 760 2705 1028 2782; x_wconf 89' lang='lat' dir='ltr'>quotienscumque</span> <span class='ocrx_word' id='word_1_272' title='bbox 1060 2704 1236 2766; x_wconf 86' lang='lat' dir='ltr'>festiuitates</span> <span class='ocrx_word' id='word_1_273' title='bbox 1271 2705 1400 2764; x_wconf 83' lang='lat' dir='ltr'>luerint.</span> 
     </span>
     <span class='ocr_line' id='line_1_29' title="bbox 204 2783 1405 2862; baseline -0.002 -18"><span class='ocrx_word' id='word_1_274' title='bbox 204 2804 267 2845; x_wconf 93' lang='lat' dir='ltr'>non</span> <span class='ocrx_word' id='word_1_275' title='bbox 284 2786 382 2845; x_wconf 91' lang='lat' dir='ltr'>solum</span> <span class='ocrx_word' id='word_1_276' title='bbox 401 2796 484 2845; x_wconf 89' lang='lat' dir='ltr'>casto</span> <span class='ocrx_word' id='word_1_277' title='bbox 504 2804 629 2862; x_wconf 91' lang='lat' dir='ltr'>corpore</span> <span class='ocrx_word' id='word_1_278' title='bbox 642 2831 649 2846; x_wconf 94' lang='lat'>.</span> <span class='ocrx_word' id='word_1_279' title='bbox 661 2787 714 2846; x_wconf 90' lang='lat' dir='ltr'>sed</span> <span class='ocrx_word' id='word_1_280' title='bbox 732 2785 822 2845; x_wconf 91' lang='lat' dir='ltr'>etiarn</span> <span class='ocrx_word' id='word_1_281' title='bbox 843 2785 956 2845; x_wconf 90' lang='lat' dir='ltr'>mundo</span> <span class='ocrx_word' id='word_1_282' title='bbox 975 2786 1066 2847; x_wconf 90' lang='lat' dir='ltr'>corde</span> <span class='ocrx_word' id='word_1_283' title='bbox 1082 2788 1123 2846; x_wconf 91' lang='lat' dir='ltr'>ad</span> <span class='ocrx_word' id='word_1_284' title='bbox 1142 2783 1301 2846; x_wconf 88' lang='lat' dir='ltr'>ecclesiam</span> <span class='ocrx_word' id='word_1_285' title='bbox 1322 2785 1405 2843; x_wconf 91' lang='lat' dir='ltr'>ueni-</span> 
     </span>
     <span class='ocr_line' id='line_1_30' title="bbox 203 2865 1401 2940; baseline -0.002 -15"><span class='ocrx_word' id='word_1_286' title='bbox 203 2884 312 2927; x_wconf 91' lang='lat' dir='ltr'>amus.</span> <span class='ocrx_word' id='word_1_287' title='bbox 328 2868 409 2926; x_wconf 91' lang='lat' dir='ltr'>Ante</span> <span class='ocrx_word' id='word_1_288' title='bbox 429 2866 532 2926; x_wconf 89' lang='lat' dir='ltr'>omnia</span> <span class='ocrx_word' id='word_1_289' title='bbox 548 2868 664 2925; x_wconf 90' lang='lat' dir='ltr'>nullum</span> <span class='ocrx_word' id='word_1_290' title='bbox 687 2866 840 2927; x_wconf 90' lang='lat' dir='ltr'>hominurn</span> <span class='ocrx_word' id='word_1_291' title='bbox 862 2865 964 2926; x_wconf 93' lang='lat' dir='ltr'>odium</span> <span class='ocrx_word' id='word_1_292' title='bbox 984 2866 1016 2926; x_wconf 91' lang='lat' dir='ltr'>in</span> <span class='ocrx_word' id='word_1_293' title='bbox 1036 2866 1128 2927; x_wconf 88' lang='lat' dir='ltr'>corde</span> <span class='ocrx_word' id='word_1_294' title='bbox 1149 2885 1323 2927; x_wconf 84' lang='lat' dir='ltr'>seruemus.</span> <span class='ocrx_word' id='word_1_295' title='bbox 1340 2867 1401 2940; x_wconf 90' lang='lat' dir='ltr'>Qui</span> 
     </span>
     <span class='ocr_line' id='line_1_31' title="bbox 204 2945 1403 3025; baseline -0.002 -19"><span class='ocrx_word' id='word_1_296' title='bbox 204 2946 284 3006; x_wconf 89' lang='lat' dir='ltr'>enirn</span> <span class='ocrx_word' id='word_1_297' title='bbox 321 2949 369 3007; x_wconf 91' lang='lat' dir='ltr'>uel</span> <span class='ocrx_word' id='word_1_298' title='bbox 402 2965 495 3006; x_wconf 91' lang='lat' dir='ltr'>unum</span> <span class='ocrx_word' id='word_1_299' title='bbox 529 2948 681 3008; x_wconf 90' lang='lat' dir='ltr'>hominem</span> <span class='ocrx_word' id='word_1_300' title='bbox 717 2947 787 3008; x_wconf 95' lang='lat' dir='ltr'>odio</span> <span class='ocrx_word' id='word_1_301' title='bbox 822 2948 913 3008; x_wconf 90' lang='lat' dir='ltr'>habet</span> <span class='ocrx_word' id='word_1_302' title='bbox 934 2946 1060 3010; x_wconf 76' lang='lat' dir='ltr'>,audiat</span> <span class='ocrx_word' id='word_1_303' title='bbox 1094 2947 1268 3025; x_wconf 90' lang='lat' dir='ltr'>scripturam</span> <span class='ocrx_word' id='word_1_304' title='bbox 1303 2945 1403 3006; x_wconf 91' lang='lat' dir='ltr'>dicen-</span> 
     </span>
     <span class='ocr_line' id='line_1_32' title="bbox 205 3027 1403 3105; baseline -0.001 -19"><span class='ocrx_word' id='word_1_305' title='bbox 205 3039 265 3088; x_wconf 91' lang='lat' dir='ltr'>tem</span> <span class='ocrx_word' id='word_1_306' title='bbox 282 3071 289 3086; x_wconf 94' lang='lat'>.</span> <span class='ocrx_word' id='word_1_307' title='bbox 304 3029 356 3105; x_wconf 93' lang='lat' dir='ltr'>qui</span> <span class='ocrx_word' id='word_1_308' title='bbox 380 3028 498 3088; x_wconf 85' lang='lat' dir='ltr'>fratrem</span> <span class='ocrx_word' id='word_1_309' title='bbox 523 3048 609 3088; x_wconf 91' lang='lat' dir='ltr'>suum</span> <span class='ocrx_word' id='word_1_310' title='bbox 634 3027 699 3089; x_wconf 92' lang='lat' dir='ltr'>odit</span> <span class='ocrx_word' id='word_1_311' title='bbox 722 3027 875 3089; x_wconf 90' lang='lat' dir='ltr'>homicida</span> <span class='ocrx_word' id='word_1_312' title='bbox 902 3040 970 3090; x_wconf 91' lang='lat' dir='ltr'>est.</span> <span class='ocrx_word' id='word_1_313' title='bbox 987 3031 1026 3089; x_wconf 92' lang='lat' dir='ltr'>Et</span> <span class='ocrx_word' id='word_1_314' title='bbox 1054 3027 1079 3089; x_wconf 93' lang='lat' dir='ltr'>si</span> <span class='ocrx_word' id='word_1_315' title='bbox 1107 3027 1258 3090; x_wconf 87' lang='lat' dir='ltr'>homicida</span> <span class='ocrx_word' id='word_1_316' title='bbox 1278 3039 1323 3087; x_wconf 89' lang='lat' dir='ltr'>est</span> <span class='ocrx_word' id='word_1_317' title='bbox 1352 3027 1403 3102; x_wconf 91' lang='lat' dir='ltr'>qui</span> 
     </span>
     <span class='ocr_line' id='line_1_33' title="bbox 204 3108 1404 3200; baseline 0.001 -34"><span class='ocrx_word' id='word_1_318' title='bbox 204 3110 323 3168; x_wconf 84' lang='lat' dir='ltr'>fratrem</span> <span class='ocrx_word' id='word_1_319' title='bbox 345 3128 431 3169; x_wconf 91' lang='lat' dir='ltr'>suurn</span> <span class='ocrx_word' id='word_1_320' title='bbox 459 3108 546 3172; x_wconf 92' lang='lat' dir='ltr'>odit.</span> <span class='ocrx_word' id='word_1_321' title='bbox 562 3129 622 3186; x_wconf 87' lang='lat' dir='ltr'>qua</span> <span class='ocrx_word' id='word_1_322' title='bbox 649 3111 746 3170; x_wconf 87' lang='lat' dir='ltr'>fronte</span> <span class='ocrx_word' id='word_1_323' title='bbox 767 3109 806 3169; x_wconf 92' lang='lat' dir='ltr'>ad</span> <span class='ocrx_word' id='word_1_324' title='bbox 833 3111 926 3172; x_wconf 88' lang='lat' dir='ltr'>altare</span> <span class='ocrx_word' id='word_1_325' title='bbox 953 3110 1069 3170; x_wconf 90' lang='lat' dir='ltr'>domini</span> <span class='ocrx_word' id='word_1_326' title='bbox 1091 3108 1312 3200; x_wconf 77' lang='lat' dir='ltr'>communicare</span> <span class='ocrx_word' id='word_1_327' title='bbox 1338 3126 1404 3184; x_wconf 91' lang='lat' dir='ltr'>pre-</span> 
     </span>
     <span class='ocr_line' id='line_1_34' title="bbox 205 3187 1402 3268; baseline -0.002 -19"><span class='ocrx_word' id='word_1_328' title='bbox 205 3189 319 3250; x_wconf 85' lang='lat' dir='ltr'>sumit?</span> <span class='ocrx_word' id='word_1_329' title='bbox 347 3192 388 3249; x_wconf 91' lang='lat' dir='ltr'>Et</span> <span class='ocrx_word' id='word_1_330' title='bbox 414 3189 484 3250; x_wconf 89' lang='lat' dir='ltr'>ideo</span> <span class='ocrx_word' id='word_1_331' title='bbox 512 3190 564 3268; x_wconf 95' lang='lat' dir='ltr'>qui</span> <span class='ocrx_word' id='word_1_332' title='bbox 586 3188 693 3251; x_wconf 85' lang='lat' dir='ltr'>fecit</span> <span class='ocrx_word' id='word_1_333' title='bbox 684 3190 821 3250; x_wconf 90' lang='lat' dir='ltr'>rniuriam</span> <span class='ocrx_word' id='word_1_334' title='bbox 849 3190 910 3251; x_wconf 90' lang='lat' dir='ltr'>cito</span> <span class='ocrx_word' id='word_1_335' title='bbox 941 3190 1063 3252; x_wconf 90' lang='lat' dir='ltr'>ueniam</span> <span class='ocrx_word' id='word_1_336' title='bbox 1090 3202 1197 3268; x_wconf 89' lang='lat' dir='ltr'>petat.</span> <span class='ocrx_word' id='word_1_337' title='bbox 1212 3187 1264 3267; x_wconf 93' lang='lat' dir='ltr'>qui</span> <span class='ocrx_word' id='word_1_338' title='bbox 1293 3190 1402 3249; x_wconf 88' lang='lat' dir='ltr'>factam</span> 
     </span>
     <span class='ocr_line' id='line_1_35' title="bbox 205 3269 1404 3349; baseline -0.003 -18"><span class='ocrx_word' id='word_1_339' title='bbox 205 3270 326 3346; x_wconf 89' lang='lat' dir='ltr'>pertulit</span> <span class='ocrx_word' id='word_1_340' title='bbox 345 3272 406 3331; x_wconf 92' lang='lat' dir='ltr'>cito</span> <span class='ocrx_word' id='word_1_341' title='bbox 427 3271 600 3349; x_wconf 87' lang='lat' dir='ltr'>indulgeat.</span> <span class='ocrx_word' id='word_1_342' title='bbox 617 3283 651 3331; x_wconf 93' lang='lat' dir='ltr'>ut</span> <span class='ocrx_word' id='word_1_343' title='bbox 671 3290 790 3332; x_wconf 89' lang='lat' dir='ltr'>securus</span> <span class='ocrx_word' id='word_1_344' title='bbox 808 3273 839 3330; x_wconf 90' lang='lat' dir='ltr'>in</span> <span class='ocrx_word' id='word_1_345' title='bbox 861 3271 996 3333; x_wconf 90' lang='lat' dir='ltr'>oratione</span> <span class='ocrx_word' id='word_1_346' title='bbox 1017 3273 1169 3333; x_wconf 88' lang='lat' dir='ltr'>dominica</span> <span class='ocrx_word' id='word_1_347' title='bbox 1189 3270 1284 3349; x_wconf 90' lang='lat' dir='ltr'>possit</span> <span class='ocrx_word' id='word_1_348' title='bbox 1304 3269 1404 3331; x_wconf 92' lang='lat' dir='ltr'>dicere</span> 
     </span>
     <span class='ocr_line' id='line_1_36' title="bbox 205 3348 1405 3430; baseline -0.004 -18"><span class='ocrx_word' id='word_1_349' title='bbox 205 3354 284 3414; x_wconf 92' lang='lat' dir='ltr'>deo.</span> <span class='ocrx_word' id='word_1_350' title='bbox 296 3351 414 3413; x_wconf 89' lang='lat' dir='ltr'>dimitte</span> <span class='ocrx_word' id='word_1_351' title='bbox 431 3351 519 3412; x_wconf 92' lang='lat' dir='ltr'>nobis</span> <span class='ocrx_word' id='word_1_352' title='bbox 540 3352 643 3412; x_wconf 91' lang='lat' dir='ltr'>debita</span> <span class='ocrx_word' id='word_1_353' title='bbox 662 3365 786 3414; x_wconf 87' lang='lat' dir='ltr'>nostra.</span> <span class='ocrx_word' id='word_1_354' title='bbox 800 3351 945 3430; x_wconf 88' lang='lat' dir='ltr'>Baptismi</span> <span class='ocrx_word' id='word_1_355' title='bbox 970 3365 1187 3413; x_wconf 91' lang='lat' dir='ltr'>sacramentum</span> <span class='ocrx_word' id='word_1_356' title='bbox 1208 3353 1310 3412; x_wconf 81' lang='lat' dir='ltr'>iratres</span> <span class='ocrx_word' id='word_1_357' title='bbox 1331 3348 1405 3409; x_wconf 92' lang='lat' dir='ltr'>nulli</span> 
     </span>
     <span class='ocr_line' id='line_1_37' title="bbox 205 3429 1402 3512; baseline 0 -21"><span class='ocrx_word' id='word_1_358' title='bbox 205 3433 362 3492; x_wconf 90' lang='lat' dir='ltr'>hominum</span> <span class='ocrx_word' id='word_1_359' title='bbox 382 3433 483 3511; x_wconf 89' lang='lat' dir='ltr'>negari</span> <span class='ocrx_word' id='word_1_360' title='bbox 503 3443 626 3511; x_wconf 93' lang='lat' dir='ltr'>potest.</span> <span class='ocrx_word' id='word_1_361' title='bbox 641 3433 783 3512; x_wconf 91' lang='lat' dir='ltr'>precipue</span> <span class='ocrx_word' id='word_1_362' title='bbox 808 3435 832 3492; x_wconf 88' lang='lat' dir='ltr'>si</span> <span class='ocrx_word' id='word_1_363' title='bbox 858 3435 916 3494; x_wconf 93' lang='lat' dir='ltr'>hoc</span> <span class='ocrx_word' id='word_1_364' title='bbox 943 3433 1076 3512; x_wconf 89' lang='lat' dir='ltr'>corporis</span> <span class='ocrx_word' id='word_1_365' title='bbox 1103 3432 1258 3493; x_wconf 86' lang='lat' dir='ltr'>infirmitas</span> <span class='ocrx_word' id='word_1_366' title='bbox 1282 3429 1402 3509; x_wconf 88' lang='lat' dir='ltr'>exigere</span> 
     </span>
     <span class='ocr_line' id='line_1_38' title="bbox 204 3512 1392 3592; baseline -0.002 -19"><span class='ocrx_word' id='word_1_367' title='bbox 204 3513 365 3574; x_wconf 89' lang='lat' dir='ltr'>uideatur.</span> <span class='ocrx_word' id='word_1_368' title='bbox 381 3517 499 3574; x_wconf 92' lang='lat' dir='ltr'>Bonum</span> <span class='ocrx_word' id='word_1_369' title='bbox 524 3526 625 3575; x_wconf 89' lang='lat' dir='ltr'>tamen</span> <span class='ocrx_word' id='word_1_370' title='bbox 648 3525 676 3575; x_wconf 90' lang='lat' dir='ltr'>et</span> <span class='ocrx_word' id='word_1_371' title='bbox 700 3514 864 3592; x_wconf 89' lang='lat' dir='ltr'>legitimum</span> <span class='ocrx_word' id='word_1_372' title='bbox 892 3525 960 3576; x_wconf 93' lang='lat' dir='ltr'>est</span> <span class='ocrx_word' id='word_1_373' title='bbox 975 3526 1008 3575; x_wconf 89' lang='lat' dir='ltr'>ut</span> <span class='ocrx_word' id='word_1_374' title='bbox 1032 3513 1084 3592; x_wconf 90' lang='lat' dir='ltr'>qui</span> <span class='ocrx_word' id='word_1_375' title='bbox 1112 3515 1176 3575; x_wconf 90' lang='lat' dir='ltr'>sani</span> <span class='ocrx_word' id='word_1_376' title='bbox 1197 3512 1318 3575; x_wconf 89' lang='lat' dir='ltr'>suntin</span> <span class='ocrx_word' id='word_1_377' title='bbox 1339 3531 1392 3589; x_wconf 93' lang='lat' dir='ltr'>pas</span> 
     </span>
     <span class='ocr_line' id='line_1_39' title="bbox 205 3595 1403 3673; baseline -0.003 -20"><span class='ocrx_word' id='word_1_378' title='bbox 205 3596 322 3655; x_wconf 85' lang='lat' dir='ltr'>chalem</span> <span class='ocrx_word' id='word_1_379' title='bbox 344 3595 594 3673; x_wconf 88' lang='lat' dir='ltr'>sollempnitatem</span> <span class='ocrx_word' id='word_1_380' title='bbox 614 3606 791 3657; x_wconf 88' lang='lat' dir='ltr'>seruentur.</span> <span class='ocrx_word' id='word_1_381' title='bbox 803 3607 833 3657; x_wconf 91' lang='lat' dir='ltr'>et</span> <span class='ocrx_word' id='word_1_382' title='bbox 854 3596 1021 3656; x_wconf 90' lang='lat' dir='ltr'>secundum</span> <span class='ocrx_word' id='word_1_383' title='bbox 1041 3596 1255 3657; x_wconf 88' lang='lat' dir='ltr'>eclesiasticam</span> <span class='ocrx_word' id='word_1_384' title='bbox 1274 3597 1403 3671; x_wconf 89' lang='lat' dir='ltr'>regulam</span> 
     </span>
     <span class='ocr_line' id='line_1_40' title="bbox 206 3672 1405 3755; baseline -0.002 -21"><span class='ocrx_word' id='word_1_385' title='bbox 206 3676 238 3734; x_wconf 93' lang='lat' dir='ltr'>in</span> <span class='ocrx_word' id='word_1_386' title='bbox 268 3675 376 3737; x_wconf 91' lang='lat' dir='ltr'>diebus</span> <span class='ocrx_word' id='word_1_387' title='bbox 403 3677 627 3754; x_wconf 71' lang='lat' dir='ltr'>quadragesime</span> <span class='ocrx_word' id='word_1_388' title='bbox 654 3676 809 3738; x_wconf 89' lang='lat' dir='ltr'>ieiunent</span> <span class='ocrx_word' id='word_1_389' title='bbox 827 3688 857 3738; x_wconf 91' lang='lat' dir='ltr'>et</span> <span class='ocrx_word' id='word_1_390' title='bbox 881 3676 1026 3755; x_wconf 90' lang='lat' dir='ltr'>uigilent</span> <span class='ocrx_word' id='word_1_391' title='bbox 1042 3688 1072 3737; x_wconf 91' lang='lat' dir='ltr'>et</span> <span class='ocrx_word' id='word_1_392' title='bbox 1098 3678 1138 3736; x_wconf 92' lang='lat' dir='ltr'>ad</span> <span class='ocrx_word' id='word_1_393' title='bbox 1162 3678 1262 3737; x_wconf 91' lang='lat' dir='ltr'>oleum</span> <span class='ocrx_word' id='word_1_394' title='bbox 1289 3675 1340 3734; x_wconf 93' lang='lat' dir='ltr'>uel</span> <span class='ocrx_word' id='word_1_395' title='bbox 1366 3672 1405 3732; x_wconf 90' lang='lat' dir='ltr'>ad</span> 
     </span>
     <span class='ocr_line' id='line_1_41' title="bbox 206 3753 1404 3838; baseline -0.003 -23"><span class='ocrx_word' id='word_1_396' title='bbox 206 3776 313 3816; x_wconf 90' lang='lat' dir='ltr'>manus</span> <span class='ocrx_word' id='word_1_397' title='bbox 331 3756 577 3838; x_wconf 68' lang='lat' dir='ltr'>posissitionemi</span> <span class='ocrx_word' id='word_1_398' title='bbox 594 3759 758 3820; x_wconf 88' lang='lat' dir='ltr'>accedant</span> <span class='ocrx_word' id='word_1_399' title='bbox 771 3759 833 3834; x_wconf 87' lang='lat' dir='ltr'>Qui</span> <span class='ocrx_word' id='word_1_400' title='bbox 848 3776 920 3818; x_wconf 90' lang='lat' dir='ltr'>uero</span> <span class='ocrx_word' id='word_1_401' title='bbox 934 3760 965 3819; x_wconf 91' lang='lat' dir='ltr'>in</span> <span class='ocrx_word' id='word_1_402' title='bbox 979 3757 1080 3836; x_wconf 91' lang='lat' dir='ltr'>aliqua</span> <span class='ocrx_word' id='word_1_403' title='bbox 1099 3757 1259 3818; x_wconf 81' lang='lat' dir='ltr'>lestiuitate</span> <span class='ocrx_word' id='word_1_404' title='bbox 1282 3753 1343 3836; x_wconf 84' lang='lat' dir='ltr'>[fol.</span> <span class='ocrx_word' id='word_1_405' title='bbox 1355 3774 1404 3830; x_wconf 88' lang='lat'>9²·</span> 
     </span>
     <span class='ocr_line' id='line_1_42' title="bbox 207 3838 1406 3916; baseline -0.003 -20"><span class='ocrx_word' id='word_1_406' title='bbox 207 3839 300 3897; x_wconf 87' lang='lat' dir='ltr'>filium</span> <span class='ocrx_word' id='word_1_407' title='bbox 334 3857 421 3898; x_wconf 91' lang='lat' dir='ltr'>suurn</span> <span class='ocrx_word' id='word_1_408' title='bbox 453 3840 603 3916; x_wconf 87' lang='lat' dir='ltr'>baptizare</span> <span class='ocrx_word' id='word_1_409' title='bbox 636 3838 808 3902; x_wconf 90' lang='lat' dir='ltr'>desiderat.</span> <span class='ocrx_word' id='word_1_410' title='bbox 823 3839 934 3899; x_wconf 92' lang='lat' dir='ltr'>iustum</span> <span class='ocrx_word' id='word_1_411' title='bbox 966 3852 1012 3900; x_wconf 91' lang='lat' dir='ltr'>est</span> <span class='ocrx_word' id='word_1_412' title='bbox 1041 3850 1075 3898; x_wconf 93' lang='lat' dir='ltr'>ut</span> <span class='ocrx_word' id='word_1_413' title='bbox 1105 3839 1155 3900; x_wconf 92' lang='lat' dir='ltr'>uel</span> <span class='ocrx_word' id='word_1_414' title='bbox 1186 3849 1256 3898; x_wconf 91' lang='lat' dir='ltr'>ante</span> <span class='ocrx_word' id='word_1_415' title='bbox 1290 3846 1406 3912; x_wconf 86' lang='lat' dir='ltr'>septem</span> 
     </span>
     <span class='ocr_line' id='line_1_43' title="bbox 206 3917 1406 3999; baseline -0.004 -21"><span class='ocrx_word' id='word_1_416' title='bbox 206 3920 271 3978; x_wconf 87' lang='lat' dir='ltr'>dies</span> <span class='ocrx_word' id='word_1_417' title='bbox 290 3938 359 3978; x_wconf 92' lang='lat' dir='ltr'>curn</span> <span class='ocrx_word' id='word_1_418' title='bbox 377 3919 444 3998; x_wconf 92' lang='lat' dir='ltr'>ipso</span> <span class='ocrx_word' id='word_1_419' title='bbox 463 3921 504 3980; x_wconf 91' lang='lat' dir='ltr'>ad</span> <span class='ocrx_word' id='word_1_420' title='bbox 525 3918 664 3980; x_wconf 90' lang='lat' dir='ltr'>eclesiam</span> <span class='ocrx_word' id='word_1_421' title='bbox 685 3919 808 3980; x_wconf 90' lang='lat' dir='ltr'>ueniat.</span> <span class='ocrx_word' id='word_1_422' title='bbox 823 3931 853 3980; x_wconf 92' lang='lat' dir='ltr'>et</span> <span class='ocrx_word' id='word_1_423' title='bbox 874 3919 916 3980; x_wconf 93' lang='lat' dir='ltr'>ibi</span> <span class='ocrx_word' id='word_1_424' title='bbox 936 3919 1048 3980; x_wconf 89' lang='lat' dir='ltr'>ieiunet</span> <span class='ocrx_word' id='word_1_425' title='bbox 1068 3920 1105 3979; x_wconf 71' lang='lat' dir='ltr'>ac</span> <span class='ocrx_word' id='word_1_426' title='bbox 1125 3918 1249 3999; x_wconf 87' lang='lat' dir='ltr'>uigilet.</span> <span class='ocrx_word' id='word_1_427' title='bbox 1263 3927 1294 3978; x_wconf 88' lang='lat' dir='ltr'>et</span> <span class='ocrx_word' id='word_1_428' title='bbox 1314 3917 1406 3976; x_wconf 90' lang='lat' dir='ltr'>filium</span> 
     </span>
     <span class='ocr_line' id='line_1_44' title="bbox 207 3997 1405 4078; baseline -0.005 -18"><span class='ocrx_word' id='word_1_429' title='bbox 207 4018 295 4060; x_wconf 88' lang='lat' dir='ltr'>suum</span> <span class='ocrx_word' id='word_1_430' title='bbox 323 4000 401 4060; x_wconf 91' lang='lat' dir='ltr'>sicut</span> <span class='ocrx_word' id='word_1_431' title='bbox 428 4001 631 4078; x_wconf 91' lang='lat' dir='ltr'>supradictum</span> <span class='ocrx_word' id='word_1_432' title='bbox 654 4012 700 4061; x_wconf 90' lang='lat' dir='ltr'>est</span> <span class='ocrx_word' id='word_1_433' title='bbox 722 4003 762 4061; x_wconf 89' lang='lat' dir='ltr'>ad</span> <span class='ocrx_word' id='word_1_434' title='bbox 785 4001 886 4061; x_wconf 89' lang='lat' dir='ltr'>oleum</span> <span class='ocrx_word' id='word_1_435' title='bbox 908 4001 957 4061; x_wconf 92' lang='lat' dir='ltr'>uel</span> <span class='ocrx_word' id='word_1_436' title='bbox 982 4001 1021 4061; x_wconf 91' lang='lat' dir='ltr'>ad</span> <span class='ocrx_word' id='word_1_437' title='bbox 1049 4021 1155 4061; x_wconf 91' lang='lat' dir='ltr'>manus</span> <span class='ocrx_word' id='word_1_438' title='bbox 1182 3997 1405 4088; x_wconf 90' lang='lat' dir='ltr'>impositionem</span> 
     </span>
     <span class='ocr_line' id='line_1_45' title="bbox 208 4076 1409 4160; baseline -0.004 -19.958"><span class='ocrx_word' id='word_1_439' title='bbox 208 4081 297 4141; x_wconf 89' lang='lat' dir='ltr'>saciat</span> <span class='ocrx_word' id='word_1_440' title='bbox 325 4081 488 4143; x_wconf 88' lang='lat' dir='ltr'>accedere.</span> <span class='ocrx_word' id='word_1_441' title='bbox 506 4093 537 4143; x_wconf 91' lang='lat' dir='ltr'>et</span> <span class='ocrx_word' id='word_1_442' title='bbox 560 4081 603 4142; x_wconf 92' lang='lat' dir='ltr'>sic</span> <span class='ocrx_word' id='word_1_443' title='bbox 630 4082 763 4160; x_wconf 90' lang='lat' dir='ltr'>legitimo</span> <span class='ocrx_word' id='word_1_444' title='bbox 786 4081 893 4142; x_wconf 93' lang='lat' dir='ltr'>ordine</span> <span class='ocrx_word' id='word_1_445' title='bbox 916 4081 1056 4160; x_wconf 87' lang='lat' dir='ltr'>baptismi</span> <span class='ocrx_word' id='word_1_446' title='bbox 1078 4091 1265 4142; x_wconf 87' lang='lat' dir='ltr'>sacramenta</span> <span class='ocrx_word' id='word_1_447' title='bbox 1287 4076 1409 4155; x_wconf 90' lang='lat' dir='ltr'>suscipi-</span> 
     </span>
     <span class='ocr_line' id='line_1_46' title="bbox 207 4157 1409 4241; baseline -0.004 -20"><span class='ocrx_word' id='word_1_448' title='bbox 207 4173 282 4221; x_wconf 90' lang='lat' dir='ltr'>ant.</span> <span class='ocrx_word' id='word_1_449' title='bbox 298 4161 359 4238; x_wconf 90' lang='lat' dir='ltr'>Qui</span> <span class='ocrx_word' id='word_1_450' title='bbox 387 4164 444 4240; x_wconf 76' lang='lat' dir='ltr'>hec</span> <span class='ocrx_word' id='word_1_451' title='bbox 471 4163 513 4223; x_wconf 91' lang='lat' dir='ltr'>ita</span> <span class='ocrx_word' id='word_1_452' title='bbox 540 4161 684 4224; x_wconf 87' lang='lat' dir='ltr'>fecerint.</span> <span class='ocrx_word' id='word_1_453' title='bbox 702 4173 732 4223; x_wconf 91' lang='lat' dir='ltr'>et</span> <span class='ocrx_word' id='word_1_454' title='bbox 760 4163 835 4223; x_wconf 89' lang='lat' dir='ltr'>filios</span> <span class='ocrx_word' id='word_1_455' title='bbox 867 4182 938 4224; x_wconf 92' lang='lat' dir='ltr'>suos</span> <span class='ocrx_word' id='word_1_456' title='bbox 966 4163 1080 4224; x_wconf 86' lang='lat' dir='ltr'>faciunt</span> <span class='ocrx_word' id='word_1_457' title='bbox 1106 4162 1242 4241; x_wconf 89' lang='lat' dir='ltr'>accipere</span> <span class='ocrx_word' id='word_1_458' title='bbox 1268 4157 1409 4237; x_wconf 87' lang='lat' dir='ltr'>baptismi</span> 
     </span>
     <span class='ocr_line' id='line_1_47' title="bbox 206 4240 1409 4321; baseline -0.004 -19"><span class='ocrx_word' id='word_1_459' title='bbox 206 4254 451 4304; x_wconf 88' lang='lat' dir='ltr'>sacramentum.</span> <span class='ocrx_word' id='word_1_460' title='bbox 468 4257 498 4304; x_wconf 86' lang='lat' dir='ltr'>et</span> <span class='ocrx_word' id='word_1_461' title='bbox 518 4244 576 4305; x_wconf 94' lang='lat' dir='ltr'>sibi</span> <span class='ocrx_word' id='word_1_462' title='bbox 597 4246 669 4304; x_wconf 87' lang='lat' dir='ltr'>durn</span> <span class='ocrx_word' id='word_1_463' title='bbox 691 4243 815 4321; x_wconf 92' lang='lat' dir='ltr'>uigilant</span> <span class='ocrx_word' id='word_1_464' title='bbox 838 4254 868 4303; x_wconf 90' lang='lat' dir='ltr'>et</span> <span class='ocrx_word' id='word_1_465' title='bbox 890 4242 1048 4306; x_wconf 91' lang='lat' dir='ltr'>ieiunant.</span> <span class='ocrx_word' id='word_1_466' title='bbox 1071 4245 1232 4321; x_wconf 88' lang='lat' dir='ltr'>adquirunt</span> <span class='ocrx_word' id='word_1_467' title='bbox 1252 4240 1409 4317; x_wconf 82' lang='lat' dir='ltr'>i-ndulgen</span> 
     </span>
     <span class='ocr_line' id='line_1_48' title="bbox 208 4322 1410 4404; baseline -0.004 -21"><span class='ocrx_word' id='word_1_468' title='bbox 208 4323 280 4383; x_wconf 92' lang='lat' dir='ltr'>tiam</span> <span class='ocrx_word' id='word_1_469' title='bbox 301 4336 512 4402; x_wconf 78' lang='lat' dir='ltr'>peccatorum.</span> <span class='ocrx_word' id='word_1_470' title='bbox 529 4325 590 4402; x_wconf 92' lang='lat' dir='ltr'>Qui</span> <span class='ocrx_word' id='word_1_471' title='bbox 610 4345 682 4386; x_wconf 92' lang='lat' dir='ltr'>uero</span> <span class='ocrx_word' id='word_1_472' title='bbox 703 4327 760 4402; x_wconf 75' lang='lat' dir='ltr'>hec</span> <span class='ocrx_word' id='word_1_473' title='bbox 779 4325 821 4385; x_wconf 92' lang='lat' dir='ltr'>ita</span> <span class='ocrx_word' id='word_1_474' title='bbox 840 4336 874 4384; x_wconf 93' lang='lat' dir='ltr'>ut</span> <span class='ocrx_word' id='word_1_475' title='bbox 895 4325 1023 4386; x_wconf 89' lang='lat' dir='ltr'>diximus</span> <span class='ocrx_word' id='word_1_476' title='bbox 1040 4345 1127 4404; x_wconf 89' lang='lat' dir='ltr'>agere</span> <span class='ocrx_word' id='word_1_477' title='bbox 1147 4323 1293 4386; x_wconf 89' lang='lat' dir='ltr'>noluerit.</span> <span class='ocrx_word' id='word_1_478' title='bbox 1305 4332 1335 4382; x_wconf 91' lang='lat' dir='ltr'>et</span> <span class='ocrx_word' id='word_1_479' title='bbox 1354 4322 1410 4380; x_wconf 93' lang='lat' dir='ltr'>sub</span> 
     </span>
     <span class='ocr_line' id='line_1_49' title="bbox 208 4403 1410 4484; baseline -0.004 -20"><span class='ocrx_word' id='word_1_480' title='bbox 208 4406 282 4466; x_wconf 88' lang='lat' dir='ltr'>hora</span> <span class='ocrx_word' id='word_1_481' title='bbox 308 4405 402 4465; x_wconf 90' lang='lat' dir='ltr'>filium</span> <span class='ocrx_word' id='word_1_482' title='bbox 432 4425 517 4466; x_wconf 91' lang='lat' dir='ltr'>suum</span> <span class='ocrx_word' id='word_1_483' title='bbox 546 4406 585 4466; x_wconf 90' lang='lat' dir='ltr'>ad</span> <span class='ocrx_word' id='word_1_484' title='bbox 612 4405 752 4483; x_wconf 89' lang='lat' dir='ltr'>baptismi</span> <span class='ocrx_word' id='word_1_485' title='bbox 780 4418 966 4466; x_wconf 88' lang='lat' dir='ltr'>sacramenta</span> <span class='ocrx_word' id='word_1_486' title='bbox 993 4426 1055 4466; x_wconf 94' lang='lat' dir='ltr'>non</span> <span class='ocrx_word' id='word_1_487' title='bbox 1083 4405 1259 4484; x_wconf 89' lang='lat' dir='ltr'>ingesserit.</span> <span class='ocrx_word' id='word_1_488' title='bbox 1275 4403 1350 4464; x_wconf 90' lang='lat' dir='ltr'>sciat</span> <span class='ocrx_word' id='word_1_489' title='bbox 1378 4421 1410 4460; x_wconf 93' lang='lat' dir='ltr'>se</span> 
     </span>
     <span class='ocr_line' id='line_1_50' title="bbox 207 4486 1411 4565; baseline -0.002 -21"><span class='ocrx_word' id='word_1_490' title='bbox 207 4505 269 4547; x_wconf 91' lang='lat' dir='ltr'>non</span> <span class='ocrx_word' id='word_1_491' title='bbox 291 4487 358 4548; x_wconf 91' lang='lat' dir='ltr'>leue</span> <span class='ocrx_word' id='word_1_492' title='bbox 379 4498 536 4564; x_wconf 89' lang='lat' dir='ltr'>peccatum</span> <span class='ocrx_word' id='word_1_493' title='bbox 557 4487 727 4548; x_wconf 89' lang='lat' dir='ltr'>incurrere.</span> <span class='ocrx_word' id='word_1_494' title='bbox 744 4487 814 4565; x_wconf 90' lang='lat' dir='ltr'>quia</span> <span class='ocrx_word' id='word_1_495' title='bbox 832 4487 1032 4548; x_wconf 91' lang='lat' dir='ltr'>dissimulauit</span> <span class='ocrx_word' id='word_1_496' title='bbox 1056 4507 1124 4549; x_wconf 90' lang='lat' dir='ltr'>eum</span> <span class='ocrx_word' id='word_1_497' title='bbox 1145 4487 1226 4565; x_wconf 91' lang='lat' dir='ltr'>prius</span> <span class='ocrx_word' id='word_1_498' title='bbox 1247 4486 1286 4546; x_wconf 89' lang='lat' dir='ltr'>ad</span> <span class='ocrx_word' id='word_1_499' title='bbox 1310 4486 1411 4545; x_wconf 79' lang='lat' dir='ltr'>oleum</span> 
     </span>
    </p>
   </div>
   <div class='ocr_carea' id='block_1_4' title="bbox 0 0 1699 5250">
    <p class='ocr_par' dir='ltr' id='par_1_4' title="bbox 0 0 1699 5250">
     <span class='ocr_line' id='line_1_51' title="bbox 0 0 1699 5250; baseline 0 0"><span class='ocrx_word' id='word_1_500' title='bbox 0 0 1699 5250; x_wconf 95' lang='lat' dir='ltr'> </span> 
     </span>
    </p>
   </div>
  </div>
 </body>
</html>
