3375 5250
615 451 933 501 BENEDICTIONES
951 451 1208 502 EPISCOPALES.

410 697 647 764 Bnuumcmo
673 714 715 763 nr
740 713 993 765 ansrwmnra
1016 699 1160 766 Snucm
1184 700 1410 764 M1cnnnn1s.

313 859 560 986 MUfflplic'i·
580 884 640 927 uos
674 862 833 966 dominus
867 865 1101 929 benedictione
1133 863 1339 948 locupletet.
1356 865 1414 947 qui
1447 863 1514 964 sol-

306 1030 404 1098 insert
436 947 633 1100 limate
674 971 834 1034 pnncrprs
880 951 1159 1035 archangelorum
1212 952 1340 1017 mundo
1388 952 1514 1034 gaudia

351 1085 412 1185 Et'
428 1125 485 1205 qui
515 1087 650 1189 deuicto
671 1125 834 1190 hodierna
857 1126 912 1190 die
935 1125 1033 1190 hoste
1055 1126 1196 1209 antiquo
1218 1125 1430 1207 triumphat.
1450 1145 1512 1188 suo

305 1205 496 1359 ilrllpppptentu
531 1211 705 1276 molimina
737 1212 888 1277 eiusdem
922 1214 1078 1277 draconis
1112 1233 1268 1295 superare
1301 1233 1362 1276 uos
1401 1212 1512 1277 saciat.

351 1346 519 1464 Quatinus
549 1387 592 1450 de
622 1387 798 1452 animabus
829 1387 949 1451 uestris
979 1387 1136 1451 caelestia
1166 1385 1258 1451 lucra
1289 1394 1438 1468 reportet
1453 1433 1462 1448 .
1477 1394 1513 1449 et

306 1470 721 1624 {gaidiciplmaptgelorum
760 1475 870 1538 choris
902 1484 1065 1557 perpetua
1094 1495 1155 1538 uos
1187 1474 1400 1538 exultatione
1433 1492 1511 1537 con·

351 1639 452 1724 Quod
476 1647 547 1728 ipse
570 1658 717 1730 prestare
739 1649 919 1732 dignetur.
937 1650 1033 1712 cuius
1057 1669 1210 1733 regnum.

786 1958 904 2042 [Iram
928 1972 1026 2023 num.
1359 1955 1433 2044 [fol.
1461 1957 1512 2038 58.

368 2125 532 2192 Enedicat
562 2149 623 2193 uos
653 2130 737 2194 deus
767 2131 968 2212 principium
997 2131 1081 2194 lucis
1103 2132 1301 2212 angelorum
1317 2180 1325 2197 .
1340 2151 1426 2215 quos
1448 2131 1512 2193 sibi

411 2215 566 2279 conciues
607 2225 641 2280 et
683 2229 854 2282 consortes
899 2219 978 2282 fecit
1024 2219 1058 2281 in
1102 2220 1240 2282 sedibus
1283 2237 1512 2301 supernorum.

251 2327 253 2332 ’
304 2300 421 2365 Amen.

352 2388 479 2454 Eorum
502 2391 806 2456 amministratione
836 2393 1007 2456 muniatur
1037 2392 1070 2455 in
1095 2392 1192 2455 terris
1223 2391 1295 2456 uita
1325 2401 1438 2455 uestra
1454 2443 1462 2457 .
1478 2402 1513 2456 et

295 2473 436 2538 'liberati
474 2478 518 2540 ab
555 2478 708 2542 hostibus
745 2478 933 2541 uisibilibus
970 2489 1004 2544 et
1038 2479 1261 2542 inuisibilibus
1282 2526 1290 2543 .
1313 2479 1509 2542 mereamini

307 2563 480 2644 peruenire
503 2566 546 2630 ad
569 2567 697 2648 premia
720 2576 866 2630 aeterna.
911 2566 1029 2630 Amen.

353 2648 446 2713 Inter
476 2673 618 2734 quorum
657 2655 908 2716 uenerationem
942 2653 1133 2735 archangeli
1173 2653 1345 2716 michaelis
1382 2653 1511 2717 suffulti

307 2738 441 2799 auxiliis
455 2788 461 2802 .
475 2740 545 2802 eius
569 2742 766 2803 memoriam
790 2741 964 2803 celebretis
987 2741 1087 2804 hodie
1103 2741 1322 2804 deuotissime
1344 2740 1378 2803 in
1401 2740 1512 2803 aruis.

308 2832 345 2886 ut
369 2823 456 2887 illius
478 2827 639 2891 societate
663 2826 818 2890 fruamini
842 2828 875 2889 in
900 2828 1006 2892 astris.
1052 2827 1171 2893 Amen.

352 2909 453 2992 Quod
483 2913 555 2995 ipse
584 2923 732 2996 prestare
762 2914 942 2995 dignetur.
959 2915 1053 2978 cuius
1090 2934 1231 2995 regnum
1269 2923 1303 2978 et
1333 2914 1510 2996 imperium

308 2996 378 3059 sine
402 2996 468 3061 fine
490 3009 664 3082 permanet
688 3001 721 3062 in
744 3000 857 3064 secula
879 3000 1074 3065 seculorum.
1119 3001 1236 3065 Amen.

352 3084 548 3150 Benedictio
570 3087 624 3151 dei
638 3137 645 3151 .
658 3088 762 3169 patris
776 3138 782 3151 .
796 3097 830 3152 et
854 3086 912 3149 filii
925 3138 932 3151 .
945 3098 980 3151 et
1002 3089 1139 3171 spiritus
1161 3090 1278 3153 sancti.

397 3376 636 3442 BENEDICTIO
660 3392 702 3441 IN
727 3389 979 3442 FESTIUITATE
1001 3390 1162 3441 OMNIUM
1188 3389 1432 3442 SANCTORUM.

309 3547 326 3627 l
339 3550 554 3673 BEnedicat
577 3575 638 3619 uos
661 3556 876 3638 omnipotens
903 3556 1060 3617 dominus
1091 3576 1150 3636 per
1173 3556 1324 3619 omnium
1352 3553 1422 3638 [lol.
1442 3557 1513 3635 58v.

433 3649 623 3704 sanctorum
664 3641 939 3725 gloriosissimam
981 3642 1254 3705 intercessionem
1270 3692 1278 3705 .
1294 3653 1329 3706 et
1366 3652 1512 3706 uestram

307 3726 533 3814 placidissime
571 3728 727 3811 dignetur
763 3730 931 3812 suscipere
973 3729 1195 3793 humillimam
1235 3729 1512 3794 obsecrationem.

307 3818 426 3881 Amen.

354 3904 399 3966 Et
434 3921 575 3985 quorum
608 3902 641 3965 in
669 3904 765 3967 terris
788 3904 889 3966 corde
920 3904 1048 3967 sincero
1079 3904 1308 3967 felicissimum
1338 3903 1514 3968 celebratis

308 3991 514 4071 triumphum
532 3990 637 4069 ,ipsis
674 3989 920 4071 opitulantibus
950 3990 994 4053 ad
1027 4011 1142 4054 eorum
1174 3991 1207 4053 in
1243 3990 1346 4055 caelis
1375 3989 1525 4071 perduci·

310 4077 502 4140 mereamini
527 4076 749 4139 desiderabile
773 4080 988 4141 consortium.
1034 4078 1149 4141 Amen.

353 4163 520 4247 Quatinus
551 4164 673 4226 terreni
710 4166 857 4246 contagii
894 4165 1032 4228 maculis
1066 4164 1239 4228 emundati
1255 4213 1263 4228 .
1279 4163 1319 4227 ac
1350 4165 1512 4229 uirtutum

309 4251 458 4315 omnium
486 4250 694 4314 radiantibus
721 4250 935 4333 lampadibus
963 4252 1185 4316 exornati.et
1212 4252 1413 4315 caelestibus
1436 4270 1514 4315 con-

308 4339 401 4419 iungi
430 4339 587 4401 decenter
613 4338 827 4419 agminibus.
845 4349 879 4402 et
904 4340 1052 4403 uenienti
1076 4359 1202 4421 sponso
1233 4339 1373 4403 ualeatis
1399 4358 1516 4401 occur-

309 4445 488 4489 rere.cum
511 4423 677 4489 bonorum
700 4444 840 4506 operum
865 4424 1070 4507 fulgentibus
1092 4426 1320 4491 luminaribus,
1364 4424 1484 4489 Amen.

354 4511 474 4599 [Quod
498 4512 569 4594 ipse
593 4521 741 4594 prestare
764 4513 930 4596 dignetur.
1369 4509 1441 4597 [sol.
1462 4526 1512 4594 59.
