3375 5250
479 426 719 476 BENEDICTIO
736 427 846 476 SIGNI
862 424 1080 475 ECCLESIAE.
1178 438 1182 445 ’
1340 424 1385 478 105

216 587 332 652 Finita
361 594 506 657 aratione
530 601 722 676 extergatur
749 593 884 675 signnm
913 612 986 658 cnm
1017 590 1137 654 lintea.
1152 599 1184 653 et
1216 594 1386 687 nagnatar

172 672 524 847 {Zegrzsggeoagalmis
541 682 675 763 septies.
691 690 723 745 et
739 680 870 743 deintus
888 688 1026 760 quater.
1045 687 1079 741 at
1094 687 1233 741 canatur
1251 673 1383 739 interim

220 898 302 962 on
325 903 453 967 domini
483 923 583 985 super
605 923 710 986 aquas
734 903 817 968 deus
845 902 1031 968 maiestatis
1055 901 1202 965 intonuit
1225 897 1383 963 dominus

176 1003 277 1068 super
299 1009 403 1071 aquas
427 990 557 1055 multas

219 1148 370 1232 [Psalmo
385 1152 547 1235 finetenus
569 1163 739 1235 saqnante.
759 1175 857 1235 qnam
878 1163 1036 1236 sequatur
1051 1154 1163 1218 aratia
1202 1150 1271 1235 [iol
1293 1167 1385 1231 123v.

179 1271 441 1401 OMnipotens
471 1278 674 1361 sempiterne
704 1279 809 1342 deus.
827 1278 885 1359 qui
912 1289 992 1342 ante
1015 1298 1128 1340 arcam
1156 1276 1298 1340 foederis
1325 1294 1385 1357 per

289 1365 479 1447 clangorem
500 1367 655 1429 tubarum
679 1386 790 1429 muros
813 1365 964 1447 lapideos
987 1365 1108 1447 quibus
1132 1363 1381 1428 aduersantium

176 1446 374 1530 cingebatur
404 1453 602 1517 exercitus,
628 1453 747 1516 cadere
785 1452 924 1516 fecisti.
948 1463 984 1517 tu
1023 1451 1087 1514 hoc
1117 1449 1381 1515 tintinnabulum

177 1536 311 1600 caelesti
337 1538 571 1603 benedictione
598 1539 781 1622 perfunde.
799 1548 836 1603 ut
867 1550 945 1604 ante
971 1540 1119 1603 sonitum
1147 1540 1218 1602 eius
1249 1537 1382 1619 longius

175 1620 364 1705 effugentur
388 1627 495 1707 ignita
519 1626 658 1691 iacula
649 1626 799 1691 mimici.
819 1627 991 1709 percussio
1014 1624 1215 1690 fulminum.
1236 1626 1382 1707 impetus

175 1707 357 1791 lapidum.
381 1713 464 1777 lesio
505 1722 776 1798 tempestatum.
801 1723 839 1777 ut
878 1715 921 1777 ad
961 1714 1259 1796 interrogationem
1307 1731 1382 1793 pro

176 1797 344 1877 pheticam
380 1799 460 1883 quid
498 1810 549 1865 est
584 1822 675 1864 mare
710 1802 801 1883 quod
844 1800 986 1884 fugisti
1006 1802 1074 1864 suis
1116 1800 1263 1863 motibus
1305 1818 1381 1862 cum

175 1884 313 1950 iordane
335 1896 478 1951 retracta
499 1888 626 1952 fluenta
649 1889 896 1989 respondeant.
914 1910 934 1951 a
954 1887 1036 1951 facie
1060 1888 1188 1952 domini
1212 1895 1383 1950 commota

176 1980 226 2034 est
251 1982 366 2039 terra.
388 1974 515 2040 aiacie
538 1975 592 2039 dei
617 1975 735 2039 iacob.
752 1976 810 2057 qui
835 1975 1002 2039 conuertit
1026 1974 1169 2037 solidam
1193 1983 1323 2056 petram
1349 1974 1382 2035 in

175 2066 333 2142 stagnum
372 2082 508 2145 aquae.
530 2072 564 2125 et
595 2083 710 2145 rupem
750 2063 784 2125 in
815 2062 925 2127 sontes
963 2082 1156 2145 aquarum.
1178 2082 1246 2124 non
1285 2060 1383 2124 nobis

176 2144 312 2225 domine
337 2168 403 2213 non
428 2150 548 2213 nobis.
565 2151 625 2213 sed
649 2150 777 2214 nomini
801 2158 861 2213 tuo
885 2151 930 2214 da
951 2149 1118 2250 gloriam
1134 2168 1234 2231 super
1257 2147 1384 2211 miseri-

176 2222 290 2298 cordia
320 2244 401 2301 tua.
418 2246 456 2300 ut
486 2257 562 2300 cum
593 2257 729 2319 presens
767 2237 942 2301 uasculum
980 2237 1067 2300 sicut
1104 2236 1231 2318 reliqua
1268 2234 1382 2298 altaris

175 2340 256 2384 uasa
278 2342 373 2387 sacro
396 2324 551 2387 crismate
573 2326 747 2406 tangitur.
765 2325 840 2388 oleo
863 2332 980 2388 sancto
1003 2324 1162 2406 ungitur.
1179 2324 1380 2406 quicumque

175 2408 218 2471 ad
239 2411 386 2473 sonitum
410 2411 481 2475 eius
501 2413 719 2475 conuenerint
734 2460 741 2475 .
758 2411 801 2475 ab
817 2411 973 2475 omnibus
989 2410 1114 2474 inimici
1128 2410 1383 2474 temtationibus

174 2493 291 2560 liberi.
309 2516 440 2579 semper
460 2497 538 2561 fidei
558 2497 777 2583 docuimenta
799 2497 983 2563 catholicae
1003 2508 1195 2563 sectentur.
1219 2495 1292 2580 [iol.
1314 2511 1383 2574 124.

176 2602 236 2665 per
258 2583 443 2650 dominum.

223 2733 315 2797 Tnnc
342 2735 535 2799 inmittatur
557 2737 720 2800 incensam
749 2746 844 2818 snpm
873 2737 982 2819 ignem
1013 2736 1155 2799 turibula
1185 2734 1384 2816 inpositam.

172 2819 465 2906 aerata[sigm1]
478 2823 676 2907 subponatnr
688 2823 786 2908 ipsad
797 2824 978 2888 taribnlnm
989 2874 995 2887 .
1005 2832 1039 2887 et
1046 2833 1186 2886 canatur
1196 2821 1382 2903 antiphona.

219 2944 314 3009 Deus
332 2945 365 3008 in
382 2957 500 3010 sancto
518 2947 574 3010 uia
591 2956 651 3010 tua
668 2948 742 3030 quis
765 2948 848 3011 deus
867 2966 1011 3028 magnus
1032 2948 1118 3009 sicut
1140 2946 1223 3008 deus
1244 2953 1382 3007 noster.

173 3041 211 3094 tu
240 3052 276 3095 es
306 3033 388 3096 deus
411 3035 467 3116 qui
491 3033 572 3097 iacis
596 3034 761 3097 mirabilia
787 3035 887 3098 solus.
933 3034 991 3097 Ps.
1025 3034 1193 3098 Uiderunt
1214 3041 1249 3094 te
1272 3051 1382 3114 aque.

173 3139 272 3200 nsque
295 3119 330 3182 in
343 3121 450 3204 finem
467 3121 621 3203 psalmi.
645 3123 716 3186 His
728 3121 844 3206 finitis
867 3171 874 3186 .
897 3120 1027 3185 dicatur
1047 3121 1161 3184 aratia.

176 3257 441 3386 OMnipotens
489 3261 741 3362 sempitemae†
724 3261 871 3338 ideus
917 3261 1108 3325 dominator
1153 3258 1305 3322 christe.
1328 3259 1381 3323 cui

288 3349 471 3412 secundum
492 3349 757 3430 assumptionem
783 3349 891 3412 carnis
919 3347 1131 3411 dormienti
1121 3367 1156 3410 1n
1182 3366 1274 3409 mare
1299 3345 1380 3410 dum

172 3432 315 3497 abortat
352 3445 535 3517 tempestas
575 3455 666 3499 mare
706 3437 955 3518 perturbasset.
972 3444 1007 3498 te
1036 3434 1189 3518 protinus
1229 3433 1380 3497 excitato

173 3520 360 3603 Imperante
403 3522 579 3586 dissoluit.
598 3531 634 3586 tu
675 3523 930 3586 necessitatibus
977 3522 1092 3605 populi
1130 3521 1179 3585 tui
1216 3520 1381 3602 benignus

173 3627 352 3673 succurre.
373 3617 409 3674 tu
432 3610 496 3674 hoc
519 3609 781 3673 tintinnabulum
804 3611 917 3673 sancti·
935 3611 1071 3692 spiritus
1094 3629 1167 3673 rore
1189 3607 1378 3690 perfunde.

172 3702 210 3757 ut
241 3703 321 3759 ante
354 3695 501 3760 sonitum
532 3695 619 3759 illius
652 3716 786 3779 semper
818 3695 926 3779 fugiat
960 3698 1113 3760 inimicus
1129 3746 1137 3760 .
1153 3696 1314 3759 inuitetur
1336 3695 1379 3758 ad

173 3779 273 3844 fidem
309 3784 453 3865 populus
485 3783 706 3848 christianus.
723 3784 854 3848 hostilis
892 3792 1053 3847 terreatur
1091 3783 1258 3846 exereitus
1276 3830 1284 3847 .
1301 3801 1380 3845 con-

173 3868 307 3933 fiteatur
337 3871 370 3932 in
394 3871 532 3934 domino
562 3891 621 3953 per
650 3871 714 3934 hoc
744 3871 889 3954 populus
914 3881 1096 3935 euocatus.
1113 3880 1214 3951 atque
1244 3869 1292 3932 sic
1321 3888 1380 3950 per

174 3956 355 4020 dauiticam
394 3957 568 4040 cytharam
602 3957 789 4022 delectatus
827 3959 1011 4022 descendat
1048 3958 1184 4041 spiritus
1221 3964 1379 4019 sanctus.

172 4051 274 4125 atque
304 4053 341 4108 ut
367 4045 519 4108 samuhel
547 4046 747 4127 crinigerum
779 4065 906 4126 agnum
939 4055 1091 4109 mactans
1122 4045 1155 4106 in
1183 4042 1381 4107 holocausto

172 4139 231 4193 tuo
247 4151 308 4194 rex
326 4131 479 4208 eternae†
497 4133 636 4215 imperio
655 4132 767 4214 fragor
782 4153 936 4196 aurarum
953 4133 1085 4196 turbam
1105 4129 1248 4212 reppulit
1263 4130 1382 4193 aduer-

175 4226 305 4280 santem
326 4265 334 4282 .
355 4218 402 4280 ita
425 4220 506 4282 dum
530 4219 627 4282 huius
652 4219 777 4282 uasculi
802 4220 932 4282 sonitus
955 4219 1074 4282 transit
1097 4216 1171 4302 sper
1201 4216 1381 4299 [fol.124v.

173 4303 310 4369 nubila.
328 4304 448 4383 eclesie
471 4315 675 4371 conuentum
700 4326 818 4369 manus
842 4315 953 4370 seruet
976 4305 1152 4387 angelica.
1173 4305 1379 4383 credentium

172 4399 302 4454 mentes
325 4403 359 4456 et
381 4412 520 4476 corpora
543 4393 650 4456 saluet
673 4395 838 4477 protectio
862 4395 1089 4476 sempiterna.
1105 4411 1172 4474 per.

286 4525 293 4554 ¹
312 4528 405 4578 Added
417 4528 444 4578 in
455 4528 553 4592 margin
564 4529 598 4592 by
610 4537 800 4594 contemporary
812 4529 888 4579 hand.
1087 4526 1098 4554 ²
1115 4528 1157 4591 leg.
1171 4527 1268 4576 oborta.
