3375 5250
547 442 803 495 CONSECRATIO
824 443 1044 493 ECCLESIAE.
1368 440 1400 501 89

229 631 360 697 Deinde
386 643 515 698 teneant
544 634 695 697 ministri
725 642 802 697 ante
829 632 1004 715 episcopum
1037 631 1251 695 Linteaene‘na
1283 630 1401 712 quibus

184 719 294 783 altare
306 723 359 785 nel
368 721 478 785 eclesia
497 721 648 785 ornanda
659 730 727 785 est.
744 730 776 784 et
790 719 953 783 benedicat
965 740 1003 782 ea
1016 720 1169 802 pontifex
1182 719 1231 783 ita
1249 717 1398 782 docende.

185 808 350 871 Dominus
369 808 557 873 nobiscnm.
578 808 723 873 Orenzns.

194 963 382 1089 DOmine
404 966 488 1029 deus
511 966 725 1048 omnipotens
749 964 806 1046 qui
831 964 874 1026 ab
905 964 1001 1028 initio
1025 963 1217 1028 hominibus
1244 963 1339 1026 utilia
1366 972 1401 1028 et

300 1053 487 1116 necessaria
517 1054 659 1117 creasti.
678 1061 712 1115 et
743 1052 1031 1132 quemadmodum
1060 1052 1264 1116 uestimenta
1289 1050 1399 1134 ponti-

187 1134 296 1201 ficalia
333 1139 564 1205 sacerdotibus
594 1149 628 1203 et
659 1137 771 1202 lenitis
802 1147 1001 1202 ornamenta
1026 1159 1160 1222 queque
1190 1147 1224 1202 et
1254 1138 1399 1202 linthea-

188 1224 279 1288 mina
310 1224 380 1290 fieri
410 1226 536 1291 famulo
567 1237 626 1291 tuo
654 1227 761 1308 moysi
789 1246 850 1308 per
873 1227 1097 1309 quadraginta
1128 1227 1200 1289 dies
1231 1226 1398 1290 docuisti.

184 1310 256 1375 siue
282 1314 385 1377 etiam
412 1335 542 1397 eaque
568 1314 672 1377 maria
695 1314 807 1377 texuit
834 1323 869 1377 et
896 1312 975 1376 fecit
1002 1314 1034 1375 in
1067 1333 1163 1376 usum
1191 1312 1399 1376 tabernaculi

187 1396 329 1463 foederis
346 1450 353 1466 .
369 1402 577 1466 sanctificare
614 1400 813 1465 benedicere
851 1420 1111 1483 consecrareque
1149 1401 1297 1482 digneris
1334 1398 1398 1477 hec

184 1484 379 1551 linteamina
409 1489 443 1553 in
475 1510 571 1553 usum
604 1489 716 1553 altaris
747 1488 796 1551 tui
822 1489 877 1551 uel
902 1487 1106 1551 eclesie.ad
1132 1487 1316 1569 tegendum
1348 1487 1397 1549 in-

185 1572 457 1658 uoluendumque
488 1584 673 1659 corpuset
710 1576 910 1658 sanguinem
943 1574 1000 1637 filii
1038 1575 1087 1638 tui
1125 1575 1254 1638 domini
1293 1574 1397 1637 nostri

185 1658 279 1723 ihesu
310 1664 424 1727 christi
441 1712 449 1729 .
465 1664 523 1746 qui
557 1673 669 1727 tecum
701 1663 786 1727 uiuit
824 1673 859 1726 et
896 1671 1014 1744 regnat
1053 1663 1136 1725 deus
1167 1664 1201 1724 in
1239 1660 1397 1724 uniuersa

180 1748 301 1813 secula.
1255 1769 1258 1774 ·

706 1935 792 1999 Item
808 1933 890 1997 alia.

190 2077 376 2202 Dlgnare
406 2080 542 2144 domine
572 2082 655 2145 deus
685 2082 900 2164 omnipotens
930 2100 991 2145 rex
1021 2100 1138 2162 regum
1174 2089 1208 2143 et
1238 2079 1396 2143 dominus

296 2167 542 2231 dominantium
565 2169 721 2232 sacerdos
744 2169 896 2233 omnium
920 2179 955 2232 et
985 2167 1140 2251 pontifex
1165 2168 1395 2230 uniuersorum

184 2270 366 2334 perquem
400 2276 467 2318 una
496 2275 572 2318 cum
597 2265 692 2338 patre
722 2266 908 2337 sanctoque
929 2256 1057 2338 spiritu
1091 2254 1181 2318 facta
1212 2262 1291 2317 sunt
1323 2255 1395 2316 uni·

183 2356 279 2403 uersa
317 2342 350 2403 in
388 2342 523 2405 nomine
560 2353 620 2407 tuo
657 2343 856 2407 benedicere
886 2363 1081 2407 consecrare
1117 2351 1152 2405 et
1185 2340 1395 2405 sanctificare

183 2422 259 2504 fhec
289 2428 403 2492 omnia
433 2439 633 2511 ornamenta
662 2431 761 2494 huius
793 2431 909 2493 altaris
939 2430 993 2493 uel
1025 2429 1190 2507 ecclesie.
1209 2428 1279 2511 [fol.
1302 2431 1395 2493 108v.

183 2516 470 2595 quemadmodum
505 2516 721 2581 sanctificasti
752 2516 863 2581 officia
885 2516 1091 2581 tabernaculi
1122 2516 1306 2580 testimonii
1323 2563 1331 2578 .
1348 2517 1394 2580 ita

184 2608 271 2665 nunc
302 2621 440 2667 manens
475 2604 508 2667 in
547 2612 700 2669 eternum
738 2626 870 2669 summe
907 2606 1063 2669 sacerdos
1101 2605 1338 2668 sacerdotum.
1355 2612 1393 2668 ut

184 2686 331 2753 diximus
362 2700 560 2755 ornamenta
591 2702 625 2756 et
655 2693 769 2757 omnia
807 2695 1031 2757 instrumenta
1060 2693 1159 2755 huius
1189 2691 1304 2755 altaris
1340 2691 1394 2755 uel

181 2774 320 2854 ecclesie
336 2799 402 2860 que
418 2779 505 2842 inter
526 2790 657 2843 nostras
674 2780 803 2862 palmas
818 2780 987 2843 habentur
1002 2779 1102 2842 corde
1117 2799 1203 2861 puro
1218 2798 1395 2861 precamur

183 2871 222 2923 ut
243 2862 446 2930 benedicas.
462 2864 617 2948 purifices
634 2916 642 2931 .
660 2888 833 2931 consecres
858 2876 892 2930 et
915 2887 1130 2931 consummes
1146 2913 1154 2931 .
1170 2886 1238 2949 per.

223 3088 307 3151 Post
326 3088 403 3153 haee
424 3091 585 3154 nestr'ntnr
605 3094 711 3155 altare
731 3113 803 3155 cnm
827 3091 1015 3174 antntnena.

224 3223 458 3292 *Ornauerunt
488 3228 607 3293 faciem
637 3230 757 3313 templi
787 3231 919 3294 coronis
957 3229 1064 3294 aureis
1089 3239 1123 3294 et
1153 3229 1394 3294 dedicauerunt

180 3313 285 3378 altare
305 3316 465 3380 domino.
483 3317 648 3383 alleluia*
693 3319 750 3382 ps.
776 3318 924 3401 Magnus
947 3319 1111 3382 dominus.

530 3540 647 3606 Oratio
661 3550 739 3625 pest
759 3543 904 3606 nelatnne
926 3544 1043 3606 altare.

188 3689 460 3816 lVIAiestatem
486 3701 580 3756 tuam
605 3692 742 3756 domine
767 3691 987 3774 imploramus
1013 3689 1205 3754 humiliter.
1222 3700 1260 3754 ut
1287 3689 1392 3755 altare

188 3759 205 3814 1
311 3777 375 3842 hoc
397 3780 440 3842 ad
462 3779 675 3861 suscipienda
690 3780 806 3862 populi
830 3780 880 3843 tui
904 3799 1042 3842 munera
1064 3777 1214 3841 iniuncta
1236 3787 1393 3860 potenter

181 3860 378 3928 benedicere
408 3875 443 3930 et
469 3865 678 3930 sanctificare
703 3867 873 3948 digneris.
890 3875 924 3930 et
951 3867 1041 3948 quod
1067 3884 1156 3928 nunc
1181 3864 1319 3928 anobis
1342 3865 1392 3927 in·

179 3949 292 4030 dignis
308 3953 370 4015 sub
386 3953 435 4016 tui
451 3954 560 4018 sancti
584 3954 730 4016 nominis
746 3955 984 4017 inuocatione.
1001 3953 1035 4015 in
1051 3951 1178 4015 honore
1199 3958 1234 4014 et
1255 3953 1391 4015 nomine

178 4039 284 4102 sancti
315 4039 387 4104 tui.
404 4040 440 4103 ill
457 4042 684 4104 ,sacrosancti
712 4041 878 4104 crismatis
906 4040 1065 4104 unctione
1095 4048 1147 4102 est
1173 4038 1388 4104 delibutum.

176 4123 309 4202 placeat
332 4126 393 4191 tibi
416 4127 480 4191 hoc
506 4128 612 4191 altare
630 4177 638 4192 .
656 4125 815 4192 maneat¹
838 4128 872 4191 in
904 4135 1105 4210 perpetuum
1123 4173 1131 4190 .
1148 4123 1208 4190 ut²
1230 4126 1388 4209 quicquid

176 4210 334 4296 deinceps
361 4235 461 4297 super
483 4213 584 4279 eum8
605 4215 757 4280 oblatum
780 4224 993 4279 sacratumue
1024 4215 1123 4277 luerit
1138 4263 1145 4277 .
1162 4213 1303 4294 dignum
1327 4214 1389 4277 tibi

178 4296 237 4360 fiat
267 4299 501 4366 holocaustum
520 4312 649 4385 ,atque
679 4303 832 4367 omnium
857 4303 912 4367 hic
935 4301 1145 4365 offerentium
1176 4300 1340 4364 sacrificia
1369 4321 1390 4364 a

275 4446 283 4473 ¹
300 4463 346 4511 qne
358 4448 457 4498 written
468 4449 559 4498 above.
764 4488 769 4497 .
856 4451 867 4479 ²
884 4452 1032 4502 benedictum
1043 4450 1143 4501 written
1155 4453 1242 4502 above.
1279 4510 1282 4518 ¹

272 4511 282 4538 ³
300 4513 411 4578 Perhaps
423 4513 462 4562 lor
472 4529 516 4563 eo:
534 4513 602 4563 illnn'
610 4515 709 4566 written
722 4517 811 4566 above.
