3375 5250
297 360 345 411 ι44
696 348 955 399 CONSECRATIO
975 348 1097 397 REGIS.

732 507 802 571 Hic
821 507 917 572 detur
937 510 1067 573 anulus.

296 638 465 766 ACcipe
495 641 632 706 anulum
664 639 873 724 signaculum
904 642 1063 706 uidelicet
1092 651 1231 706 sanctae
1267 638 1369 705 fidei.
1385 637 1502 703 solidi-

403 736 507 793 tatem
541 728 667 812 regni.
695 738 916 811 augmentum
957 729 1130 811 potentiae
1157 776 1167 794 .
1197 749 1258 813 per
1289 746 1377 810 quae
1413 727 1501 790 scias

297 814 493 897 triumphali
519 816 672 899 potentia
697 815 812 881 hostes
838 815 1028 899 repellere.
1051 816 1185 880 hereses
1209 816 1405 880 destruere.
1426 813 1506 876 sul>

296 900 621 1052 ditosdcdadunare.
638 912 672 969 et
696 902 882 968 catholicae
908 902 985 968 fidei
1016 902 1315 987 perseuerabilitati
1345 900 1503 965 conecti.

295 1008 354 1070 per
400 1009 560 1055 ominum.

755 1193 920 1275 Sequatur
940 1194 1053 1259 aratia.

366 1325 435 1389 Eus
458 1326 552 1391 cuius
576 1335 628 1393 est
654 1328 763 1393 omnis
787 1337 939 1412 potestas
963 1338 998 1393 et
1023 1329 1196 1412 dignitas.
1212 1328 1258 1392 da
1281 1327 1410 1393 famulo
1439 1333 1505 1389 tuo

407 1414 561 1495 propriae
583 1434 664 1479 suae
685 1416 860 1499 dignitatis
882 1415 1057 1481 effectum.
1071 1418 1105 1480 in
1124 1436 1193 1499 qua
1212 1416 1247 1481 te
1265 1421 1504 1479 remunerante

293 1511 490 1581 permaneat
512 1549 522 1567 .
544 1522 741 1585 semperque
772 1503 922 1568 timeat.
950 1503 1078 1586 tibique
1107 1504 1229 1588 iugiter
1258 1503 1391 1586 placere
1420 1518 1500 1563 con-

294 1588 438 1652 tendat.
454 1608 514 1671 per
535 1590 720 1654 dominum.

336 1814 405 1879 Hic
423 1816 577 1899 cingatur
592 1816 707 1901 gladia
727 1818 769 1883 ab
788 1817 959 1902 apricapr's.
976 1828 1008 1881 et
1027 1818 1104 1882 lura
1121 1826 1260 1882 canatur
1279 1815 1464 1899 antiphona.

340 1956 537 2023 Consortare
558 1969 593 2024 et
616 1969 690 2024 esto
715 1961 767 2024 uir
790 1969 824 2025 et
849 1960 992 2025 obserua
1015 1960 1187 2025 custodias
1209 1961 1339 2024 domini
1365 1958 1420 2022 dei
1448 1958 1498 2020 tui

293 2054 330 2109 ut
353 2045 505 2110 ambules
526 2046 560 2109 in
583 2047 646 2111 uiis
669 2046 740 2111 eius
755 2057 790 2113 et
804 2048 974 2113 custodias
989 2048 1188 2112 cerimonias
1202 2048 1274 2112 eius
1290 2056 1325 2111 et
1340 2055 1501 2129 precepta

292 2132 363 2195 eius
396 2142 433 2197 et
475 2134 669 2198 testimonia
712 2144 747 2199 et
787 2135 911 2199 iudicia
932 2184 940 2202 .
964 2145 998 2200 et
1034 2154 1246 2218 quocumque
1283 2135 1318 2197 te
1360 2133 1500 2197 uerteris

293 2217 467 2285 confirmet
489 2232 524 2284 te
549 2221 714 2286 dominus

697 2416 901 2497 Dicaturque
918 2438 940 2479 a
954 2419 1093 2499 preutle.

292 2548 477 2678 lACcipe
500 2549 588 2615 hunc
611 2550 761 2635 gladium
786 2572 863 2616 cum
887 2552 942 2616 dei
965 2552 1200 2617 benedictione
1222 2551 1285 2616 tibi
1311 2547 1498 2638 [s0t166v.

418 2639 612 2702 conlatum.
629 2638 663 2702 in
690 2660 758 2722 quo
782 2660 843 2723 per
869 2641 1026 2704 uirtutem
1051 2642 1188 2723 spiritus
1209 2641 1317 2704 sancti
1342 2638 1496 2704 resistere

295 2733 330 2788 et
359 2723 465 2789 eicere
489 2745 606 2789 omnes
633 2725 785 2790 inimicos
808 2736 885 2790 tuos
910 2728 1022 2791 ualeas
1037 2777 1045 2793 .
1062 2738 1098 2791 et
1120 2737 1259 2792 cunctos
1283 2735 1420 2790 sanctae
1441 2724 1497 2788 dei

292 2811 412 2890 eclesie
442 2812 672 2877 aduersarios.
690 2833 897 2896 regnumque
923 2813 984 2879 tibi
1014 2816 1232 2879 commissum
1263 2814 1364 2879 tutari
1394 2823 1495 2892 atque

292 2907 468 2982 protegere
491 2908 600 2964 castra
624 2900 701 2964 dei.
718 2920 779 2982 per
807 2900 972 2964 auxilium
1003 2901 1213 2966 inuictissimi
1242 2899 1499 2983 triumphatoris

288 2986 417 3050 domini
440 2986 544 3051 nostri
568 2987 662 3050 ihesu
687 2987 823 3052 christi.
841 2989 899 3069 qui
925 3008 1002 3052 cum
1027 2997 1122 3070 patre
1146 2989 1180 3052 in
1201 2988 1331 3052 unitate
1355 2987 1494 3070 spiritus

293 3073 399 3138 sancti
423 3074 508 3138 uiuit
530 3083 564 3138 et
588 3082 713 3156 regnat

701 3285 816 3351 Oratio
830 3296 907 3369 post
922 3287 1083 3370 gladium.

296 3437 432 3564 DEus
455 3437 513 3519 qui
538 3435 749 3519 prouidentia
774 3443 834 3500 tua
857 3435 1014 3500 caelestia
1045 3436 1145 3502 simul
1167 3446 1202 3502 et
1223 3445 1356 3502 terrena
1378 3437 1497 3502 mode-

404 3526 508 3589 raris.
529 3523 710 3606 propitiare
743 3522 1018 3587 christianissimo
1048 3526 1117 3606 regi
1148 3533 1294 3590 nostro.
1316 3533 1355 3588 ut
1385 3525 1498 3589 omnis

290 3608 437 3676 hostium
460 3631 596 3674 suorum
619 3609 779 3675 fortitudo
795 3658 802 3672 .
819 3610 941 3673 uirtute
964 3610 1068 3691 gladii
1090 3611 1272 3694 spiritualis
1298 3610 1496 3695 frangatur.

289 3716 328 3759 ac
352 3697 386 3762 te
409 3717 471 3781 pro
493 3697 551 3761 illo
574 3705 746 3781 pugnante
768 3698 902 3779 penitus
925 3706 1139 3762 conteratur.
1155 3718 1222 3781 per.

759 3915 829 3984 Hic
849 3926 1022 3983 coronetur.

348 4062 477 4130 Oronet
506 4071 540 4128 te
569 4063 653 4126 deus
682 4081 807 4126 corona
835 4063 963 4144 gloriae
989 4072 1090 4146 atque
1114 4064 1285 4130 iustitiae.
1301 4065 1428 4128 honore
1458 4074 1493 4127 et

390 4171 491 4234 opere
515 4149 719 4214 fortitudinis
734 4197 742 4214 .
760 4160 798 4213 ut
818 4170 877 4232 per
898 4149 1045 4212 officium
1068 4161 1203 4216 nostrae
1226 4151 1492 4216 benedictionis.

287 4258 363 4302 cum
400 4238 467 4303 fide
500 4247 591 4301 recta
615 4284 623 4302 .
647 4246 682 4301 et
718 4236 893 4320 multiplici
926 4236 1090 4300 bonorum
1125 4258 1266 4319 operum
1303 4239 1412 4302 fructu
1449 4239 1494 4302 ad

287 4345 445 4390 coronam
476 4323 652 4409 peruenias
683 4322 790 4410 resgni
821 4325 974 4407 perpetui
1000 4371 1007 4388 .
1032 4326 1106 4406 ipso
1141 4325 1304 4410 largiente
1333 4326 1403 4410 [iol.
1424 4327 1496 4406 167.

285 4412 379 4477 euius
400 4432 539 4497 regnum
561 4420 737 4496 permanet
760 4412 793 4473 in
819 4411 954 4474 saecula
976 4412 1193 4478 saeculorum.
