3375 5250
295 439 341 487 126
517 441 573 490 DE
594 441 726 491 SACRIS
747 443 959 494 ORDINIBUS
978 444 1282 493 BENEDICENDIS.

293 610 380 672 inter
410 629 505 672 sacra
538 609 663 673 iussisti
685 660 692 674 .
717 618 754 673 ut
790 608 1043 692 intellegentiae
1080 629 1216 673 sensum
1248 611 1291 674 de
1321 609 1502 692 exemplo¹

293 697 442 779 priorum
473 707 607 779 caperet
644 706 797 760 secutura
834 697 1014 779 posteritas
1031 747 1038 762 .
1055 716 1116 760 nec
1147 697 1291 760 eruditio
1327 698 1500 762 doctrinae

294 792 373 848 tuae
399 783 458 846 ulli
488 785 620 847 deesset
651 785 754 847 aetati
772 833 781 849 .
798 805 876 848 cum
901 785 990 867 apud
1022 793 1151 848 ueteres
1178 785 1399 849 reuerentiam
1427 785 1502 866 ipsa

295 870 580 953 significationum
604 872 733 952 species
757 871 947 953 optineret.
965 880 999 935 et
1023 882 1105 954 aput
1130 891 1192 934 nos
1222 871 1364 935 certiora
1388 881 1501 936 essent

293 959 527 1042 experimenta
551 978 658 1021 rerum
675 1007 683 1024 .
700 979 802 1040 quam
824 959 996 1040 enigmata
1015 957 1220 1040 figurarum.
1238 958 1332 1021 Illius
1355 978 1502 1040 namque

291 1046 470 1109 sacerdotii
509 1045 682 1108 anterioris
720 1045 830 1108 abitus
866 1055 999 1109 nostrae
1033 1045 1155 1108 mentis
1199 1054 1336 1109 ornatus
1374 1056 1425 1109 est
1441 1094 1449 1109 .
1464 1055 1499 1109 et

292 1131 517 1215 pontificalem
537 1131 678 1214 gloriam
698 1152 765 1195 non
784 1132 852 1195 iam
872 1133 968 1195 nobis
987 1133 1095 1196 honor
1115 1132 1333 1197 commendat
1353 1133 1498 1196 uestium

291 1220 352 1284 sed
389 1219 549 1301 splendor
581 1219 887 1301 animarum.quia
924 1228 958 1283 et
988 1219 1045 1283 illa
1074 1240 1162 1302 quae
1199 1229 1278 1283 tunc
1309 1219 1499 1283 carnalibus

291 1306 552 1371 blandiebantur
578 1306 752 1370 obtutibus
777 1327 817 1369 ea
841 1305 953 1388 potius
980 1327 1067 1389 quae
1089 1309 1124 1370 in
1148 1306 1228 1389 ipsis
1251 1317 1347 1370 erant
1370 1307 1499 1370 intelle·

292 1395 404 1477 genda
430 1393 639 1476 poscebant.
658 1393 801 1456 Proinde
826 1394 903 1457 huic
928 1394 1055 1457 famulo
1082 1404 1142 1457 tuo
1172 1414 1272 1476 quem
1304 1395 1346 1458 ad
1374 1395 1498 1458 summi

291 1481 468 1546 sacerdotii
488 1481 708 1543 ministerium
725 1480 875 1562 elegisti.
889 1482 975 1544 hanc
995 1500 1178 1563 quesumus
1197 1481 1334 1545 domine
1354 1481 1498 1564 gratiam

292 1568 466 1651 largiaris.
483 1578 520 1630 ut
544 1568 702 1649 quicquid
726 1568 784 1630 illa
804 1567 973 1631 uelamina
997 1571 1030 1630 in
1058 1567 1187 1650 fulgore
1215 1569 1312 1633 auri.
1330 1569 1363 1631 in
1390 1569 1499 1634 nitore

292 1675 501 1738 gemmarum
518 1704 525 1719 .
542 1656 575 1717 in
604 1653 795 1718 multimodi
820 1652 944 1738 opesris
968 1654 1159 1733 uarietate†
1189 1655 1299 1737 signa·
1333 1652 1403 1741 [fol.
1428 1655 1499 1734 146.

291 1745 375 1806 bant
387 1792 395 1809 .
405 1743 469 1804 hoc
484 1739 538 1804 in²
553 1743 624 1805 eius
640 1742 788 1804 moribus
804 1743 1003 1824 actibusque
1017 1741 1194 1806 clarescat.
1207 1742 1350 1826 Comple
1362 1743 1499 1806 domine

292 1830 327 1892 in
357 1830 531 1893 sacerdote
558 1837 618 1892 tuo
649 1828 799 1910 mysterii
823 1829 872 1893 tui
899 1838 1135 1895 summam.et
1159 1831 1364 1893 ornamentis
1395 1829 1499 1893 totius

292 1915 544 1999 glorificationis
561 1917 762 1980 instructum
778 1935 855 1979 eum
871 1915 1026 1980 caelestis
1042 1917 1204 1998 unguenti
1220 1916 1301 1980 flore
1317 1916 1500 1981 sanctifica.

521 2070 591 2133 Hic
611 2068 801 2152 effundatur
824 2072 926 2134 oleum
949 2081 1044 2153 super
1066 2079 1160 2153 caput
1181 2067 1273 2133 eiust

300 2190 424 2316 HOC
461 2190 598 2253 domine
634 2190 769 2272 copiose
802 2189 836 2251 in
871 2189 942 2252 eius
973 2197 1074 2270 caput
1111 2187 1250 2252 influat.
1269 2188 1332 2250 hoc
1368 2187 1401 2250 in
1434 2189 1501 2250 oris

415 2277 566 2341 subiecta
592 2276 768 2340 decurrat.
787 2276 865 2339 Hoc
889 2277 922 2339 in
946 2276 1049 2339 totius
1079 2274 1227 2358 corporis
1257 2283 1410 2339 extrema
1439 2275 1497 2337 de·

293 2367 432 2432 scendat
447 2415 454 2429 .
471 2374 508 2428 ut
541 2363 590 2428 tui
630 2365 765 2445 spiritus
790 2363 895 2427 uirtus
911 2413 917 2426 .
934 2373 968 2426 et
998 2363 1155 2426 interiora
1190 2362 1260 2425 eius
1296 2362 1423 2445 repleat
1442 2411 1449 2424 .
1465 2370 1499 2424 et

293 2455 461 2520 exteriora
490 2452 561 2515 eius
592 2451 833 2533 circumtegat.
851 2450 1014 2513 Abundet
1044 2451 1077 2512 in
1109 2470 1149 2512 eo
1179 2450 1369 2514 constantia
1397 2447 1498 2511 fidei.

294 2545 422 2628 puritas
444 2539 657 2603 dilectionis.
674 2539 845 2601 sinceritas
876 2538 990 2620 pacis.
1008 2535 1084 2601 Sint
1107 2537 1248 2618 speciosi
1275 2555 1411 2600 munere
1439 2544 1500 2600 tuo

294 2631 398 2713 pedes
414 2629 485 2691 eius
506 2627 549 2689 ad
566 2626 866 2707 euangelizandam
882 2645 999 2706 pacem
1013 2674 1020 2689 .
1032 2627 1074 2688 ad
1091 2623 1391 2707 euangelizandum
1407 2622 1499 2687 bona

294 2731 353 2782 tua
369 2765 376 2782 .
394 2716 449 2779 Da
478 2716 509 2777 ei
539 2714 676 2777 domine
708 2709 929 2795 mysterium4
951 2711 1228 2775 reconciliationis
1259 2712 1292 2774 in
1324 2711 1434 2774 uerbis
1465 2720 1499 2774 et

294 2804 391 2870 factis
406 2854 413 2869 .
431 2812 465 2865 et
496 2801 675 2864 uirtutibus
692 2850 699 2864 .
715 2809 750 2863 et
783 2800 887 2881 signis
918 2808 952 2862 et
984 2799 1168 2881 prodigiis.
1187 2798 1239 2863 Sit
1262 2818 1372 2861 sermo
1403 2799 1497 2861 eius,

296 2890 353 2956 etl
389 2890 573 2974 predicatio
610 2907 677 2950 non
716 2888 750 2950 in
794 2886 1065 2968 persuasibilibus
1109 2886 1277 2949 humanae
1314 2884 1499 2968 sapientiae

295 2979 428 3042 uerbis.
445 2976 502 3039 sed
535 2977 568 3037 in
601 2973 792 3039 ostensione
823 2975 958 3055 spiritus
990 2982 1024 3037 et
1051 2972 1196 3037 uirtute.
1214 2973 1268 3035 Da
1300 2974 1330 3035 ei
1361 2971 1499 3036 domine

295 3065 422 3150 [claues
437 3062 530 3145 regni
545 3062 712 3125 caelorum
729 3112 736 3126 .
749 3069 864 3125 utatur
878 3081 940 3124 nec
956 3060 1114 3143 glorietur
1129 3067 1297 3143 potestate
1315 3057 1386 3141 [fol.
1403 3060 1496 3137 146v.

295 3172 396 3236 quam
415 3151 532 3214 tribuis
555 3149 588 3211 in
607 3148 917 3212 edificationem.et
940 3167 1007 3210 non
1028 3148 1062 3210 in
1081 3147 1364 3211 destructionem.
1380 3145 1497 3229 Quod-

296 3259 440 3322 cumque
471 3236 624 3319 ligauerit
657 3256 757 3318 super
793 3244 916 3299 terram
947 3235 991 3298 sit
1025 3234 1165 3317 ligatum
1192 3243 1227 3298 et
1257 3233 1291 3297 in
1320 3232 1421 3297 caelis
1438 3282 1446 3297 .
1463 3242 1497 3295 et

296 3328 532 3410 quodcumque
558 3324 695 3386 soluerit
724 3343 824 3404 super
854 3331 976 3386 terram
994 3322 1060 3385 ,sit
1090 3322 1236 3385 solutum
1260 3331 1293 3384 et
1316 3320 1350 3383 in
1373 3319 1497 3383 caelis.

297 3416 448 3498 Quorum
472 3412 651 3475 detinuerit
677 3418 815 3493 peccata
838 3412 975 3472 detenta
1001 3409 1091 3472 sint.
1108 3418 1141 3472 et
1164 3428 1304 3490 quorum
1336 3407 1498 3470 dimiserit

296 3513 334 3566 tu
360 3501 535 3562 dimittas.
553 3496 619 3579 Qui
650 3496 862 3560 benedixerit
884 3497 913 3559 ei
944 3496 988 3559 sit
1017 3495 1288 3559 benedictus.et
1313 3496 1370 3576 qui
1394 3492 1497 3557 male-

296 3587 420 3652 dixerit
436 3586 465 3649 ei
482 3584 770 3648 maledictionibus
786 3584 971 3665 repleatur.
985 3580 1037 3647 Sit
1050 3581 1158 3646 fidelis
1174 3602 1288 3645 seruus
1301 3592 1335 3646 et
1350 3582 1497 3663 prudens

296 3694 396 3759 quem
420 3672 602 3736 constituas
627 3669 823 3734 dominum⁵
846 3690 946 3753 super
968 3667 1129 3733 familiam
1159 3678 1252 3732 tuam
1269 3718 1276 3733 .
1292 3676 1329 3731 ut
1352 3670 1410 3731 det
1432 3667 1497 3730 illis

296 3763 408 3826 cibum
435 3760 468 3823 in
495 3768 646 3841 tempore
677 3755 885 3821 necessario⁶
900 3803 908 3820 .
925 3765 959 3820 et
982 3757 1143 3820 exhibeat
1165 3775 1300 3819 omnem
1324 3756 1495 3818 hominem

296 3849 481 3933 perlectum
493 3895 500 3909 .
514 3844 567 3910 Sit
590 3844 813 3909 sollicitudine
836 3844 995 3928 impiger.
1008 3844 1051 3906 sit
1074 3843 1191 3926 spiritu
1213 3842 1363 3906 feruens.
1378 3840 1499 3906 Oderit

296 3935 510 4019 superbiam.
527 3932 645 4015 diligat
676 3932 874 3996 ueritatem.
891 3951 953 3994 nec
982 3950 1057 3994 eam
1087 3950 1247 4013 umquam
1274 3929 1407 3992 deserat
1438 3938 1498 3992 aut

295 4018 514 4087 lassitudine⁷
536 4031 595 4083 aut
609 4020 729 4084 timore
751 4030 945 4101 superatus.
960 4018 1038 4081 Non
1060 4030 1166 4101 ponat
1188 4016 1295 4080 lucem
1317 4015 1497 4079 tenebras.

329 4157 338 4186 ¹
356 4154 463 4207 Altered
473 4161 500 4204 to
511 4155 633 4219 exemplis.
926 4152 938 4183 ²
955 4152 1102 4203 interlined.

329 4222 339 4252 ⁸
355 4223 381 4271 A
394 4221 477 4270 rather
495 4221 558 4270 later
573 4219 643 4269 hand
653 4218 707 4282 (the
721 4234 789 4268 same
800 4234 828 4268 as
838 4217 893 4268 that
905 4218 934 4267 oi
944 4216 970 4267 ff.
984 4216 1130 4281 83v.-85v.)
1141 4216 1187 4266 has
1200 4215 1283 4266 added
1299 4215 1326 4265 in
1338 4214 1381 4264 the
1394 4214 1506 4277 margin,

297 4291 316 4316 “
325 4287 378 4337 Hic
389 4294 469 4336 mvtet
480 4301 568 4336 vocem
582 4322 588 4334 .
600 4286 688 4335 dicens
699 4289 846 4347 .'unguatur
857 4292 882 4333 et
893 4290 1050 4333 consecretur
1064 4290 1139 4348 caput
1152 4318 1158 4332 .
1171 4296 1249 4346 vsque
1261 4295 1334 4330 amen
1347 4315 1354 4331 .
1368 4282 1421 4329 Pax
1433 4280 1480 4329 tibi
1493 4316 1500 4329 .

296 4361 322 4403 et
336 4367 395 4403 cum
412 4351 502 4417 spiritu
519 4350 590 4401 tuo.'’
624 4352 656 4400 In
666 4350 710 4400 the
721 4351 805 4399 rubric
816 4349 869 4398 Hic
878 4348 1023 4413 effundatur
1031 4348 1077 4397 has
1088 4350 1153 4397 been
1164 4347 1260 4397 altered
1271 4354 1298 4396 to
1308 4352 1332 4395 et
1340 4344 1460 4409 effundat.

327 4416 586 4531 :ligiiimlioedulim
604 4481 640 4530 't
668 4480 686 4529 l·
721 4479 790 4529 dud
856 4485 867 4527 t
937 4413 1199 4464 ‘Alaterhandhas
1210 4411 1344 4462 interlined
1354 4410 1411 4471 drr‘e.

443 4497 517 4530 ran
564 4498 591 4530 as
612 4497 629 4530 n
656 4496 720 4530 rme
799 4496 812 4527 ο
842 4494 925 4528 runo.

247 4587 249 4592 .
330 4548 338 4577 ⁷
356 4498 420 4598 Thi}
429 4497 501 4597 ivord
512 4547 557 4596 has
568 4498 634 4597 bein
642 4486 867 4607 indeclinedfaird
878 4542 994 4594 laudibus
1004 4542 1153 4593 substituted
1164 4541 1199 4605 by
1210 4558 1225 4591 a
1236 4541 1300 4591 later
1311 4538 1388 4590 hand.
