3375 5250
296 362 329 422 96
658 363 917 413 CONSECRATIO
938 364 1156 414 ECCLESIAE.

340 523 424 585 Post
443 523 519 587 leam
542 533 636 587 extra
657 524 802 588 eclesiam
828 525 984 606 pontifex
1003 522 1129 588 recedat
1154 545 1226 587 cnm
1252 524 1344 588 ononi
1366 524 1509 588 clero.et

295 619 417 672 exuant
440 631 476 674 se
497 611 697 675 uestimentis
718 612 834 692 quibus
857 611 968 675 induti
987 621 1085 675 erant
1106 612 1274 675 uestientes
1305 633 1341 676 se
1364 611 1507 675 uestibus

296 697 445 778 optimis.
457 697 574 778 qni‘bus
587 699 760 782 horcorffiee
781 700 912 780 compti.
925 699 1060 762 missam
1075 699 1203 781 festino
1222 720 1312 763 more
1322 709 1505 782 peragant.

296 783 475 865 Postquam
505 783 629 869 sautem
668 786 780 849 induti
805 786 944 867 suerint
964 787 1114 868 ‚presule
1149 796 1297 849 sanctum
1334 783 1404 872 [sol.
1433 801 1504 865 115.

295 873 500 952 mcaugelium
537 894 638 935 mauu
669 881 819 956 gestante
855 874 1026 954 ceterisque
1057 873 1147 936 sacri
1182 873 1310 937 ordinis
1340 873 1506 936 ministris

295 978 407 1021 sacros
437 960 594 1041 reliquias
617 981 689 1022 cum
719 981 811 1023 cruce
833 961 1002 1043 episcopali
1035 960 1384 1045 turibuloquenecnou
1408 961 1505 1022 lumi-

297 1045 433 1108 naribus
471 1067 633 1110 cereorum
673 1047 847 1130 leonoriflce
881 1047 1273 1128 portantibusaooedant
1312 1068 1420 1110 omnes
1459 1047 1508 1110 ad

295 1132 437 1195 eclesiam
452 1154 568 1197 sonora
594 1155 667 1197 uoce
690 1135 840 1197 omnibus
854 1134 937 1196 lcaru
956 1135 1167 1217 antiphonam
1184 1136 1317 1216 presule
1338 1134 1506 1198 inchoante

295 1220 537 1284 concinentibus.

340 1322 524 1388 *Sanctum
544 1334 595 1388 est
618 1343 735 1386 uerum
765 1323 879 1387 lumen
898 1331 932 1386 et
955 1325 1153 1387 admirabile
1178 1325 1371 1388 ministrans
1394 1324 1502 1388 lucem

295 1409 347 1472 his
373 1411 430 1492 qui
455 1423 710 1493 permanserunt
743 1411 777 1473 in
806 1431 916 1493 agone
940 1411 1132 1475 certaminis
1158 1412 1323 1494 recipiunt
1352 1411 1396 1475 ab
1424 1412 1499 1494 ipso

295 1498 509 1580 splendorem
525 1499 768 1581 sempiternum
785 1498 818 1560 in
835 1519 903 1580 quo
919 1499 1054 1562 assidue
1067 1499 1179 1562 felices
1195 1498 1372 1563 letantur*

338 1651 516 1732 Postquam
538 1661 644 1714 autem
671 1651 719 1714 od
744 1651 885 1714 leostium
908 1651 1016 1720 eclesie
1041 1652 1187 1716 uenerit.
1205 1653 1295 1715 dicat
1318 1653 1404 1716 lianc
1430 1673 1503 1715 ora-

295 1738 412 1801 tionem
435 1739 577 1801 iniuncto
599 1739 728 1800 nomine
748 1748 934 1801 samtornm
957 1739 1011 1802 uel
1028 1739 1137 1802 sancti
1157 1742 1212 1802 cui
1233 1740 1344 1803 eclesia
1366 1748 1417 1803 est
1434 1740 1507 1821 ipsa'

294 1824 454 1889 dedicata.

300 1946 435 2073 DEus
461 1945 518 2027 qui
542 1944 576 2007 in
599 1945 690 2008 omni
715 1946 789 2008 loco
812 1954 869 2023 tue
893 1945 1133 2010 dominationis
1157 1946 1330 2012 dedicator
1352 1945 1504 2010 assistis.

407 2031 531 2095 exaudi
548 2051 609 2094 nos
624 2052 805 2114 quesumus
821 2044 858 2096 ut
875 2032 1076 2096 inuiolabilis
1100 2032 1198 2096 huius
1221 2034 1341 2112 eclesie
1365 2034 1474 2097 sancti
1493 2083 1500 2096 .

295 2118 330 2180 ill
347 2166 354 2181 .
370 2127 567 2200 permaneat
613 2121 845 2183 consecratio,
864 2129 897 2182 et
946 2119 1108 2184 beneficia
1154 2121 1203 2184 tui
1250 2121 1396 2185 muneris
1435 2141 1501 2203 que

294 2207 462 2288 supplicat
485 2214 674 2271 mereatur.
691 2227 761 2290 per.

337 2345 545 2409 Intrantibus
566 2346 763 2409 autemillis
784 2355 924 2408 conatur
946 2345 1000 2432 lqee
1019 2345 1204 2427 antiplona.

293 2563 307 2617 t
337 2464 537 2588 *ingredere
561 2466 737 2556 benedicte
767 2466 905 2529 domine
934 2474 1113 2548 preparata
1140 2475 1191 2530 est
1214 2465 1380 2530 habitatio
1411 2465 1501 2528 sedis

309 2575 358 2632 ue.

689 2698 796 2776 Quam
819 2710 976 2782 sequatur
997 2700 1108 2763 oratio.
1198 2738 1200 2743 .

298 2835 489 2962 DOmum
516 2844 608 2898 tuam
630 2855 812 2917 quesumus
835 2835 971 2898 domine
996 2834 1178 2898 clementer
1201 2834 1395 2916 ingredere.
1409 2843 1444 2896 et
1467 2833 1501 2896 in

406 2932 540 2986 tuorum
578 2922 639 2986 tibi
687 2922 843 2986 cordibus
891 2921 1040 2985 fidelium
1089 2930 1286 3004 perpetuam
1336 2922 1504 2991 constitue

298 3010 542 3074 mansionem.
570 3018 607 3073 ut
660 3009 753 3072 cuius
805 3007 1019 3073 edificatione
1079 3008 1234 3072 subsistit
1259 3056 1267 3073 .
1292 3008 1390 3071 huius
1442 3006 1502 3071 fiat

292 3093 476 3178 [habitatio
498 3096 648 3179 preclara
663 3145 671 3161 .
687 3115 748 3179 per
769 3096 953 3159 dominum.
1316 3094 1388 3177 [sol.
1409 3108 1499 3177 115V.

337 3252 415 3335 lpse
434 3250 556 3333 expleta
581 3251 738 3335 suseim'at
754 3250 907 3333 pontifex
935 3250 1021 3333 ipsas
1046 3249 1203 3331 reliquias
1225 3270 1247 3312 a
1278 3249 1505 3313 ministris.et

287 3348 396 3420 portet
416 3360 471 3401 eas
493 3337 542 3401 ad
560 3340 669 3401 altare
689 3359 808 3401 nouum
825 3388 832 3403 .
848 3358 921 3401 cum
944 3337 997 3401 leis
1018 3337 1213 3418 antiphonis.

339 3475 575 3539 *Exultabunt
604 3475 711 3539 sancti
738 3476 773 3537 in
800 3475 906 3555 gloria
930 3473 1123 3538 letabuntur
1147 3473 1180 3535 in
1209 3472 1375 3536 cubilibus
1402 3473 1501 3536 suis*

294 3564 354 3628 Ps.
386 3563 530 3628 Cantate
565 3563 720 3626 Domino
778 3563 862 3625 Alia
904 3561 1089 3643 antiplona.
1147 3560 1208 3621 *In
1248 3560 1361 3623 celesti
1399 3580 1503 3641 regno

295 3658 488 3800 sanctorpqr
507 3649 672 3713 habitatio
695 3658 728 3713 et
751 3648 785 3711 in
808 3660 960 3712 eternum
984 3648 1113 3730 requies
1136 3646 1281 3710 eorum*
1322 3646 1380 3711 Ps.
1405 3646 1501 3710 Beati

295 3757 463 3800 mmacua
480 3757 499 3802 ι.

339 3890 388 3953 Et
416 3890 567 3952 recondat
589 3910 643 3952 eos
668 3899 762 3970 super
788 3890 893 3971 ipsum
917 3888 1024 3951 altore
1050 3888 1098 3950 ita
1122 3886 1251 3950 dicendo
1276 3934 1283 3949 .
1308 3887 1351 3949 In
1374 3887 1505 3949 uonu'ne

287 3977 401 4059 patris
430 3986 461 4039 a
480 3976 554 4059 filii
574 3986 605 4039 et
624 3975 764 4059 spiritus
784 3976 891 4039 sancti
905 4026 912 4039 .
928 3976 1008 4038 Pan
1028 3974 1113 4038 tibi.
1139 3973 1188 4053 Ro.
1213 3974 1262 4037 Et
1285 3994 1357 4036 cum
1380 3973 1500 4055 spiritu

295 4076 371 4127 tuo.
390 4064 460 4127 His
478 4063 620 4145 peractis
642 4062 775 4127 dicatur
799 4063 876 4126 lcoec
900 4063 1010 4125 oratio.

301 4182 435 4309 DEus
458 4184 582 4265 quiex
605 4184 696 4247 omni
720 4184 899 4264 coaptione
922 4190 1114 4245 sanctorum
1138 4188 1289 4244 eternum
1305 4180 1367 4244 tibi
1383 4182 1501 4245 condis

409 4271 662 4336 habitaculum.
680 4270 724 4332 da
746 4269 950 4333 edificationi
971 4279 1029 4346 tue
1051 4270 1259 4332 incrementa
1283 4267 1443 4332 celestia.
1462 4278 1500 4331 ut

295 4371 438 4432 quorum
461 4357 515 4419 hic
539 4356 693 4438 reliquias
717 4357 774 4439 pio
797 4376 912 4419 amore
930 4354 1206 4438 complectimur.
1225 4375 1340 4419 eorum
1368 4376 1503 4438 semper

297 4444 423 4508 meritis
446 4444 645 4508 adiuuemur
660 4494 667 4508 .
685 4465 744 4527 per
768 4444 953 4508 dominum.
1324 4480 1326 4483 -
