3375 5250
286 412 497 475 ORDINATIO
517 413 694 479 EPISCOPI
710 414 947 465 PROVINCIAE
965 413 1264 465 ROTOMAGENSIS.
1345 414 1391 480 163

176 571 373 634 constitutum
397 582 534 649 oporteat
557 571 727 635 conuersari
751 572 782 633 in
810 572 939 651 ecclesia
966 573 1017 635 dei
1045 584 1078 635 ut
1106 573 1388 655 inreprehensibiles

175 655 236 715 sint
256 652 309 731 qui
328 652 358 715 ei
381 672 488 715 manus
513 653 711 715 ordinationis
735 652 919 732 imponunt.
934 656 1052 715 Eadem
1080 654 1183 716 diuina
1209 658 1386 720 auctoritate

180 746 212 796 et
239 744 384 813 precepto
410 731 626 813 interrogamus
654 745 684 796 te
712 734 906 796 dilectissime
926 738 1017 797 frater
1031 781 1039 797 .
1054 736 1180 798 karitate
1208 738 1346 803 sincera.
1361 740 1387 801 si

177 835 299 877 omnem
329 815 518 894 prudentiam
549 825 632 876 tuam
666 826 812 893 quantum
844 826 897 876 tua
926 836 1024 895 capax
1058 828 1104 879 est
1138 828 1268 883 natura.
1283 820 1386 900 diuing

177 897 320 975 scripture
341 897 479 957 sensibus
499 899 729 958 accommodare
749 897 901 959 uolueris?

216 979 416 1055 Interrogatio.
437 977 492 1037 Vis
521 998 557 1039 ea
580 996 639 1055 que
668 997 706 1039 ex
737 976 846 1039 diuinis
871 978 1023 1057 scripturis
1050 978 1232 1042 intellexeris
1263 983 1386 1060 plebem

176 1059 226 1119 cui
246 1058 429 1119 ordinandus
450 1077 482 1118 es
504 1070 534 1120 et
554 1059 654 1120 uerbis
675 1058 784 1121 docere
805 1071 835 1120 et
856 1061 1027 1138 exemplis?
1069 1058 1120 1139 Re.
1143 1063 1232 1122 Volo.

217 1141 415 1216 Interrogatin.
438 1139 493 1199 Vis
521 1159 575 1217 per
601 1138 652 1201 dei
686 1141 811 1218 gratiam
839 1151 870 1201 et
896 1150 979 1201 tuam
1006 1142 1191 1221 diligentiam
1220 1144 1288 1205 talis
1321 1163 1387 1207 esse

178 1223 298 1298 qualem
323 1221 500 1298 episcopum
525 1240 591 1282 esse
614 1220 724 1283 debere
748 1223 841 1283 docet
867 1223 1022 1300 apostolus
1037 1269 1045 1285 .
1060 1224 1203 1287 uidelicet
1229 1224 1385 1288 sobrium.

177 1303 356 1381 pmdentem
372 1346 379 1363 .
394 1301 538 1379 pudicum
553 1348 561 1365 .
577 1311 715 1363 omatum
730 1344 738 1361 .
754 1301 956 1379 hospitalem.
971 1304 1127 1367 doctorem
1142 1353 1149 1367 .
1165 1323 1226 1367 non
1253 1306 1387 1368 uinolen-

177 1397 242 1444 tum
259 1430 266 1445 .
280 1402 343 1444 non
363 1401 589 1461 percussorem.
601 1383 655 1444 sed
668 1384 840 1444 modestum
856 1427 864 1442 .
878 1402 941 1446 non
954 1383 1116 1463 litigiosum
1127 1406 1207 1449 .non
1222 1387 1386 1465 cupidum?

222 1466 340 1526 ‚Volm

178 1466 415 1621 RzInterregotr'a.
438 1544 493 1605 Vis
518 1544 685 1605 castitatem
709 1543 818 1606 mentis
842 1556 874 1605 et
898 1546 1032 1625 corporis
1054 1547 1113 1609 deo
1133 1550 1268 1611 donante
1288 1561 1388 1612 custo·

177 1625 262 1688 dire.
278 1636 309 1687 et
329 1628 360 1685 in
381 1646 418 1687 ea
438 1626 516 1686 filios
537 1636 605 1686 tuos
627 1624 776 1686 enutrire?
818 1625 870 1706 Ra.
891 1630 982 1689 Volo.

218 1709 418 1784 Intnnegntio.
438 1708 493 1767 Vis
528 1707 620 1767 beato
655 1724 758 1767 erano
792 1718 823 1768 et
859 1719 962 1786 sancte
990 1728 1114 1787 romane
1154 1711 1281 1789 ecclesie²
1320 1731 1386 1774 esse

179 1790 314 1850 subditus
336 1789 503 1849 secundum
524 1796 636 1848 statuta
656 1790 795 1865 patrum?
838 1786 892 1867 Re.
911 1791 1002 1851 Volo.

219 1871 421 1947 Interrogatin.
441 1868 497 1928 Vis
551 1880 654 1945 sancte
702 1870 906 1948 rotomagensi
954 1870 1100 1949 aecclesie
1123 1917 1131 1933 .
1156 1872 1308 1952 michique
1356 1884 1387 1935 et

180 1951 401 2012 successoribus
422 1950 497 2010 meis
518 1949 684 2011 oboediens
704 1969 770 2011 esse
792 1962 821 2011 et
843 1952 1004 2012 subditus?
1046 1951 1097 2031 Ra.
1120 1956 1211 2017 VolO.

219 2032 418 2109 Interrogatio.
440 2032 495 2092 Vis
525 2030 600 2091 mihi
636 2041 667 2091 et
702 2031 848 2109 aecclesie
879 2052 966 2094 meae
1003 2035 1223 2110 professionem
1257 2037 1386 2097 facere.

178 2112 253 2174 sicut
274 2133 340 2174 mos
360 2112 524 2190 antiquitus
545 2112 725 2173 constitutus
747 2111 903 2175 obtinuit?
939 2114 990 2193 Ra.
1007 2117 1089 2177 Volo
1105 2163 1112 2178 .
1127 2128 1158 2177 et
1182 2127 1301 2193 paratus
1322 2136 1388 2177 sum

177 2194 209 2255 in
230 2194 369 2254 omnibus
390 2192 544 2255 oboedire.

219 2276 420 2352 Interrogata.
442 2273 627 2353 Pauperibus
648 2284 678 2335 et
699 2273 863 2352 peregrinis
891 2276 1092 2355 omnibusque
1116 2277 1319 2356 indigentibus
1343 2279 1389 2339 uis

179 2375 244 2419 esse
265 2369 386 2434 propter
405 2374 517 2417 nomen
538 2353 654 2416 domini
674 2356 801 2417 affabilis
822 2368 852 2417 et
873 2357 1065 2419 misericors?
1107 2357 1157 2438 Ra.
1179 2361 1269 2421 Volo.

219 2438 333 2498 Deinde
355 2440 469 2497 dicatur
493 2438 521 2496 ei
543 2438 612 2496 haec
632 2440 733 2498 natio.
756 2440 846 2498 Haec
866 2438 969 2499 omnia
989 2451 1021 2501 et
1041 2450 1141 2501 cetera
1161 2442 1242 2502 bona
1256 2486 1264 2503 .
1279 2440 1390 2502 tribuat

179 2518 235 2579 tibi
256 2520 396 2579 dominus
413 2565 420 2580 .
435 2530 465 2578 et
487 2517 636 2578 custodiat
658 2528 689 2579 te
713 2529 805 2596 atque
825 2522 1001 2581 corroboret
1019 2520 1051 2580 in
1069 2522 1154 2582 omni
1173 2522 1308 2584 bonitate
1323 2566 1331 2581 .
1346 2522 1393 2582 Et

179 2601 366 2678 respondeant
383 2620 499 2660 omnes.
516 2603 625 2662 Arnen.
738 2608 739 2611 ’

220 2683 408 2760 Interrogata
435 2683 623 2742 credulitatis.
645 2681 752 2742 Credis
776 2683 944 2743 secundum
968 2683 1196 2762 intelligentiam
1221 2696 1252 2746 et
1275 2684 1391 2761 capaci·

180 2774 273 2824 tatem
306 2781 411 2823 sensus
445 2763 510 2822 tui.
527 2772 663 2822 sanctam
692 2760 856 2823 trinitatem
879 2763 912 2823 id
940 2775 986 2826 est
1013 2777 1152 2843 patrem.
1168 2778 1198 2828 et
1225 2767 1319 2826 filium
1336 2812 1344 2827 .
1359 2778 1389 2826 et

180 2845 315 2922 spiritum
347 2854 485 2904 sanctum
500 2890 507 2904 .
523 2863 616 2903 unum
641 2860 707 2904 esse
731 2845 906 2904 naturaliter
933 2854 1026 2923 atque
1054 2847 1249 2908 essentialiter
1276 2847 1387 2908 deum.

180 2927 420 3003 omnipotentem
436 2971 443 2984 .
458 2934 595 3001 eternum
612 2935 665 2986 ‚et
699 2924 978 2987 incommutabilem
995 2946 1116 3005 .neque
1154 2940 1257 2989 tamen
1291 2930 1390 3006 ipsum
1423 2926 1425 2930 ⁸

180 3018 295 3085 patrem
323 3025 389 3068 esse
414 3007 466 3082 qui
491 3006 569 3066 filius
593 3016 661 3067 est.
676 3024 733 3066 nec
761 3005 858 3066 filium
888 3006 988 3084 ipsum
1019 3029 1085 3070 esse
1114 3010 1167 3085 qui
1202 3020 1287 3087 pater
1320 3022 1388 3071 est.

179 3093 251 3165 lnec
272 3088 406 3164 spiritum
428 3097 565 3147 sanctum
585 3087 685 3164 ipsum
707 3104 772 3147 esse
793 3087 846 3164 qui
867 3098 952 3164 pater
974 3101 1027 3149 aut
1047 3091 1125 3150 filius
1150 3102 1216 3152 est.
1235 3089 1296 3171 [sol.
1323 3094 1390 3168 189.

180 3170 234 3230 sed
261 3179 377 3246 patrem
398 3186 516 3246 semper
543 3179 677 3244 patrem.
693 3167 789 3227 filium
818 3188 938 3246 semper
964 3172 1077 3234 lilium.
1091 3172 1227 3249 spiritum
1252 3182 1389 3233 sanctum

179 3269 297 3326 semper
314 3250 449 3328 spiritum
471 3251 630 3309 sanctum?
672 3247 723 3328 Rz
747 3250 856 3311 Credo.

220 3333 420 3409 Interrogata.
444 3329 550 3392 Credis
578 3330 661 3408 quod
689 3339 775 3408 pater
802 3332 909 3409 plenus
937 3330 1011 3392 deus
1043 3344 1088 3393 est
1119 3334 1151 3393 in
1184 3353 1217 3394 se
1232 3380 1239 3394 .
1255 3345 1285 3395 et
1312 3333 1390 3395 tilius

179 3413 287 3490 plenus
312 3413 388 3472 deus
413 3421 457 3471 est
480 3410 512 3470 in
534 3430 588 3472 se.
605 3422 635 3471 et
649 3410 767 3488 spiritus
790 3423 912 3473 sanctus
936 3414 1044 3489 plenus
1068 3416 1144 3476 deus
1167 3425 1214 3475 est
1237 3413 1269 3475 in
1290 3435 1344 3478 se.
1361 3426 1391 3477 et

180 3506 281 3555 tamen
296 3492 368 3553 istas
389 3504 448 3553 tres
470 3511 613 3568 personas
626 3512 689 3552 nou
704 3503 763 3552 tres
785 3493 859 3554 deos
871 3539 879 3554 .
891 3495 945 3554 sed
967 3514 1061 3555 unum
1075 3515 1141 3556 esse
1161 3497 1253 3557 deum
1265 3543 1272 3558 .
1284 3497 1390 3557 uiuum

179 3587 211 3637 et
245 3594 349 3634 uerum
382 3592 418 3634 ex
450 3591 512 3650 quo
544 3573 646 3634 omnia
662 3618 668 3632 .
683 3593 738 3651 per
769 3591 860 3650 quem
893 3575 1016 3636 omnia.
1032 3577 1064 3635 in
1097 3596 1159 3655 quo
1194 3578 1296 3639 omnia
1310 3622 1318 3636 .
1332 3598 1390 3656 que

179 3666 249 3717 sunt
273 3655 304 3715 in
328 3657 413 3716 caelo
438 3667 468 3715 et
492 3655 524 3714 in
548 3665 625 3715 terra
640 3699 647 3716 .
661 3655 791 3714 uisibilia
818 3666 849 3715 et
876 3655 1062 3717 inuisibilia?
1105 3658 1155 3739 Ra.
1175 3659 1332 3720 Assentior
1360 3672 1391 3720 et

177 3738 220 3798 ita
241 3737 341 3798 credo.

221 3817 420 3894 Interrogatth.
443 3816 551 3878 Credis
591 3815 748 3878 dominum
785 3828 920 3878 nostrum
957 3819 1074 3879 ihesum
1117 3820 1259 3880 christum
1275 3867 1283 3883 .
1298 3822 1391 3882 deum

180 3918 286 3960 uerum
297 3945 305 3961 .
316 3901 439 3976 plenum
460 3908 490 3958 et
511 3899 674 3975 perfectum
687 3943 695 3959 .
706 3897 962 3974 omnipotentem.
973 3912 1004 3960 et
1022 3903 1199 3977 coequalem
1217 3922 1272 3980 per
1289 3903 1391 3962 omnia

181 3981 257 4058 patri
286 3979 318 4039 in
346 3978 502 4039 diuinitate
518 4025 525 4041 .
539 3978 744 4056 temporaliter
767 3990 871 4039 natum
898 3978 937 4040 de
965 3982 1070 4058 spiritu
1098 3994 1204 4043 sancto
1219 4029 1226 4044 .
1241 3994 1272 4043 et
1299 3983 1391 4044 maria

182 4080 301 4138 semper
333 4060 447 4137 uirgine
482 4079 552 4121 cum
584 4060 684 4121 anima
716 4058 874 4121 rationali.
891 4060 966 4121 duas
998 4063 1160 4123 habentem
1194 4063 1389 4126 natiuitates.

182 4162 275 4202 unam
295 4161 332 4203 ex
351 4152 434 4218 patre
452 4150 585 4218 plemam
601 4142 748 4202 ‚alteram
765 4161 802 4202 ex
819 4152 915 4202 matre
932 4144 1128 4220 temporalem
1141 4145 1250 4206 .deum
1266 4164 1390 4207 uerum.

182 4224 304 4285 unicum
326 4233 356 4282 et
376 4241 470 4282 unum
490 4221 581 4284 deum
601 4223 650 4283 dei
671 4222 765 4282 filium
785 4223 817 4281 in
838 4224 956 4284 duabus
974 4224 1086 4285 naturis
1105 4225 1138 4284 in
1154 4227 1243 4286 unius
1262 4246 1390 4305 persone

183 4305 386 4382 singularitate
406 4347 414 4363 .
433 4301 647 4380 impassibilem
673 4315 703 4364 et
730 4304 929 4365 immortalem
955 4305 1136 4366 diuinitate.
1152 4307 1205 4368 sed
1230 4307 1262 4366 in
1291 4309 1392 4369 huma-

182 4387 276 4447 nitate
300 4403 355 4463 pro
380 4385 468 4445 nobis
493 4394 523 4445 et
546 4403 601 4461 pro
624 4385 719 4445 salute
742 4396 843 4445 nostra
867 4404 989 4462 passum
1012 4406 1084 4447 uera
1107 4386 1204 4448 carnis
1228 4389 1392 4466 passione.

184 4469 235 4528 die
259 4465 489 4544 quadragesimo
514 4477 583 4542 post
605 4466 854 4526 resurrectionem
878 4486 948 4526 curn
976 4487 1065 4528 carne
1090 4487 1151 4546 qua
1178 4472 1335 4530 resurrexit
1362 4483 1393 4530 et

184 4550 285 4611 anima
318 4547 491 4609 ascendisse
521 4547 553 4606 in
583 4547 722 4607 caelum.
738 4559 768 4608 et
800 4546 905 4608 sedere
936 4550 975 4609 ad
1006 4548 1160 4611 dexteram
1194 4551 1286 4627 patris
1320 4550 1392 4613 inde

1188 4646 1261 4696 Ma
