<?xml version="1.0" encoding="UTF-8"?>
<!DOCTYPE html PUBLIC "-//W3C//DTD XHTML 1.0 Transitional//EN"
    "http://www.w3.org/TR/xhtml1/DTD/xhtml1-transitional.dtd">
<html xmlns="http://www.w3.org/1999/xhtml" xml:lang="en" lang="en">
 <head>
  <title>
</title>
<meta http-equiv="Content-Type" content="text/html;charset=utf-8" />
  <meta name='ocr-system' content='tesseract 3.04.00' />
  <meta name='ocr-capabilities' content='ocr_page ocr_carea ocr_par ocr_line ocrx_word'/>
</head>
<body>
  <div class='ocr_page' id='page_1' title='image "benedictionalar00munigoog_0195.png"; bbox 0 0 3375 5250; ppageno 0'>
   <div class='ocr_carea' id='block_1_1' title="bbox 376 434 1410 501">
    <p class='ocr_par' dir='ltr' id='par_1_1' title="bbox 376 434 1410 501">
     <span class='ocr_line' id='line_1_1' title="bbox 376 434 1410 501; baseline -0.003 -14"><span class='ocrx_word' id='word_1_1' title='bbox 376 437 476 489; x_wconf 89' lang='lat' dir='ltr'><em>ORDO</em></span> <span class='ocrx_word' id='word_1_2' title='bbox 500 436 669 488; x_wconf 87' lang='lat' dir='ltr'><em>CONCILII</em></span> <span class='ocrx_word' id='word_1_3' title='bbox 686 437 921 488; x_wconf 86' lang='lat' dir='ltr'><em>PROVINCIAE</em></span> <span class='ocrx_word' id='word_1_4' title='bbox 941 434 1240 489; x_wconf 74' lang='lat' dir='ltr'><em>ROIOMAGENSIS.</em></span> <span class='ocrx_word' id='word_1_5' title='bbox 1365 444 1410 501; x_wconf 81' lang='lat'>155</span> 
     </span>
    </p>
   </div>
   <div class='ocr_carea' id='block_1_2' title="bbox 199 590 1410 4169">
    <p class='ocr_par' dir='ltr' id='par_1_2' title="bbox 199 590 1408 1469">
     <span class='ocr_line' id='line_1_2' title="bbox 201 590 1405 673; baseline -0.002 -18"><span class='ocrx_word' id='word_1_6' title='bbox 201 594 377 657; x_wconf 85' lang='lat' dir='ltr'><strong>mutabilem</strong></span> <span class='ocrx_word' id='word_1_7' title='bbox 397 595 491 655; x_wconf 92' lang='lat' dir='ltr'>filiurn</span> <span class='ocrx_word' id='word_1_8' title='bbox 512 593 582 657; x_wconf 91' lang='lat' dir='ltr'>dei.</span> <span class='ocrx_word' id='word_1_9' title='bbox 597 594 828 656; x_wconf 89' lang='lat' dir='ltr'>anathematizat</span> <span class='ocrx_word' id='word_1_10' title='bbox 849 595 998 655; x_wconf 89' lang='lat' dir='ltr'>catholica</span> <span class='ocrx_word' id='word_1_11' title='bbox 1019 604 1050 656; x_wconf 89' lang='lat' dir='ltr'>et</span> <span class='ocrx_word' id='word_1_12' title='bbox 1067 593 1233 673; x_wconf 81' lang='lat' dir='ltr'>apostolica</span> <span class='ocrx_word' id='word_1_13' title='bbox 1254 590 1405 655; x_wconf 87' lang='lat' dir='ltr'>ecclesia.</span> 
     </span>
     <span class='ocr_line' id='line_1_3' title="bbox 202 673 1405 755; baseline -0.005 -18"><span class='ocrx_word' id='word_1_14' title='bbox 202 679 242 737; x_wconf 94' lang='lat' dir='ltr'>Et</span> <span class='ocrx_word' id='word_1_15' title='bbox 270 678 341 754; x_wconf 91' lang='lat' dir='ltr'>quia</span> <span class='ocrx_word' id='word_1_16' title='bbox 368 677 408 738; x_wconf 94' lang='lat' dir='ltr'>de</span> <span class='ocrx_word' id='word_1_17' title='bbox 432 675 536 755; x_wconf 91' lang='lat' dir='ltr'>spiritu</span> <span class='ocrx_word' id='word_1_18' title='bbox 559 687 664 737; x_wconf 89' lang='lat' dir='ltr'>sancto</span> <span class='ocrx_word' id='word_1_19' title='bbox 688 695 758 737; x_wconf 80' lang='lat' dir='ltr'>non¹</span> <span class='ocrx_word' id='word_1_20' title='bbox 771 676 810 736; x_wconf 86' lang='lat' dir='ltr'>ad</span> <span class='ocrx_word' id='word_1_21' title='bbox 830 678 953 753; x_wconf 89' lang='lat' dir='ltr'>plenum</span> <span class='ocrx_word' id='word_1_22' title='bbox 974 674 1016 736; x_wconf 90' lang='lat' dir='ltr'>ibi</span> <span class='ocrx_word' id='word_1_23' title='bbox 1037 676 1221 754; x_wconf 89' lang='lat' dir='ltr'>disputatum</span> <span class='ocrx_word' id='word_1_24' title='bbox 1243 684 1290 736; x_wconf 89' lang='lat' dir='ltr'>est</span> <span class='ocrx_word' id='word_1_25' title='bbox 1311 673 1405 733; x_wconf 91' lang='lat' dir='ltr'>insur-</span> 
     </span>
     <span class='ocr_line' id='line_1_4' title="bbox 201 755 1408 835; baseline -0.003 -16"><span class='ocrx_word' id='word_1_26' title='bbox 201 769 290 835; x_wconf 83' lang='lat' dir='ltr'>gente</span> <span class='ocrx_word' id='word_1_27' title='bbox 314 759 389 818; x_wconf 83' lang='lat' dir='ltr'>salsa</span> <span class='ocrx_word' id='word_1_28' title='bbox 415 757 548 819; x_wconf 88' lang='lat' dir='ltr'>eunomii</span> <span class='ocrx_word' id='word_1_29' title='bbox 570 769 600 818; x_wconf 92' lang='lat' dir='ltr'>et</span> <span class='ocrx_word' id='word_1_30' title='bbox 627 757 796 818; x_wconf 86' lang='lat' dir='ltr'>macedonii</span> <span class='ocrx_word' id='word_1_31' title='bbox 816 768 922 818; x_wconf 90' lang='lat' dir='ltr'>contra</span> <span class='ocrx_word' id='word_1_32' title='bbox 942 757 1077 835; x_wconf 91' lang='lat' dir='ltr'>spiritum</span> <span class='ocrx_word' id='word_1_33' title='bbox 1105 768 1243 818; x_wconf 89' lang='lat' dir='ltr'>sanctum</span> <span class='ocrx_word' id='word_1_34' title='bbox 1270 755 1408 831; x_wconf 89' lang='lat' dir='ltr'>blasphe-</span> 
     </span>
     <span class='ocr_line' id='line_1_5' title="bbox 202 838 1405 916; baseline -0.003 -17"><span class='ocrx_word' id='word_1_35' title='bbox 202 839 262 899; x_wconf 92' lang='lat' dir='ltr'>mia</span> <span class='ocrx_word' id='word_1_36' title='bbox 277 884 284 900; x_wconf 93' lang='lat'>.</span> <span class='ocrx_word' id='word_1_37' title='bbox 299 839 352 916; x_wconf 90' lang='lat' dir='ltr'>qui</span> <span class='ocrx_word' id='word_1_38' title='bbox 365 839 508 900; x_wconf 83' lang='lat' dir='ltr'>dicebant</span> <span class='ocrx_word' id='word_1_39' title='bbox 521 838 655 916; x_wconf 90' lang='lat' dir='ltr'>spiritum</span> <span class='ocrx_word' id='word_1_40' title='bbox 676 850 812 899; x_wconf 88' lang='lat' dir='ltr'>sanctum</span> <span class='ocrx_word' id='word_1_41' title='bbox 828 840 976 900; x_wconf 91' lang='lat' dir='ltr'>minorem</span> <span class='ocrx_word' id='word_1_42' title='bbox 995 849 1080 915; x_wconf 90' lang='lat' dir='ltr'>patre</span> <span class='ocrx_word' id='word_1_43' title='bbox 1101 850 1131 900; x_wconf 91' lang='lat' dir='ltr'>et</span> <span class='ocrx_word' id='word_1_44' title='bbox 1151 838 1213 899; x_wconf 91' lang='lat' dir='ltr'>filio</span> <span class='ocrx_word' id='word_1_45' title='bbox 1227 883 1236 899; x_wconf 92' lang='lat'>.</span> <span class='ocrx_word' id='word_1_46' title='bbox 1251 855 1405 898; x_wconf 89' lang='lat' dir='ltr'>annexum</span> 
     </span>
     <span class='ocr_line' id='line_1_6' title="bbox 199 915 1404 999; baseline -0.002 -18"><span class='ocrx_word' id='word_1_47' title='bbox 199 932 246 981; x_wconf 90' lang='lat' dir='ltr'>est</span> <span class='ocrx_word' id='word_1_48' title='bbox 269 941 288 981; x_wconf 94' lang='lat' dir='ltr'>a</span> <span class='ocrx_word' id='word_1_49' title='bbox 309 919 431 997; x_wconf 83' lang='lat' dir='ltr'>prelatis</span> <span class='ocrx_word' id='word_1_50' title='bbox 456 920 566 981; x_wconf 89' lang='lat' dir='ltr'>sanctis</span> <span class='ocrx_word' id='word_1_51' title='bbox 593 920 728 997; x_wconf 90' lang='lat' dir='ltr'>patribus</span> <span class='ocrx_word' id='word_1_52' title='bbox 754 918 1093 999; x_wconf 72' lang='lat' dir='ltr'>constantinopolitasne</span> <span class='ocrx_word' id='word_1_53' title='bbox 1121 918 1228 997; x_wconf 89' lang='lat' dir='ltr'>synodi</span> <span class='ocrx_word' id='word_1_54' title='bbox 1257 915 1319 999; x_wconf 86' lang='lat' dir='ltr'>[sol.</span> <span class='ocrx_word' id='word_1_55' title='bbox 1338 920 1404 991; x_wconf 85' lang='lat'>178.</span> 
     </span>
     <span class='ocr_line' id='line_1_7' title="bbox 201 998 1404 1079; baseline -0.003 -18"><span class='ocrx_word' id='word_1_56' title='bbox 201 1003 387 1078; x_wconf 88' lang='lat' dir='ltr'>subsequens</span> <span class='ocrx_word' id='word_1_57' title='bbox 414 1002 599 1078; x_wconf 88' lang='lat' dir='ltr'>capitulum¹</span> <span class='ocrx_word' id='word_1_58' title='bbox 615 1049 622 1064; x_wconf 90' lang='lat'>.</span> <span class='ocrx_word' id='word_1_59' title='bbox 640 1001 797 1063; x_wconf 85' lang='lat' dir='ltr'>Credimus</span> <span class='ocrx_word' id='word_1_60' title='bbox 819 1013 850 1061; x_wconf 91' lang='lat' dir='ltr'>et</span> <span class='ocrx_word' id='word_1_61' title='bbox 870 1000 903 1060; x_wconf 95' lang='lat' dir='ltr'>in</span> <span class='ocrx_word' id='word_1_62' title='bbox 923 1000 1059 1079; x_wconf 88' lang='lat' dir='ltr'>spiritum</span> <span class='ocrx_word' id='word_1_63' title='bbox 1087 1012 1224 1062; x_wconf 87' lang='lat' dir='ltr'>sanctum</span> <span class='ocrx_word' id='word_1_64' title='bbox 1248 998 1404 1060; x_wconf 88' lang='lat' dir='ltr'>dominum</span> 
     </span>
     <span class='ocr_line' id='line_1_8' title="bbox 199 1078 1405 1160; baseline -0.003 -17"><span class='ocrx_word' id='word_1_65' title='bbox 199 1093 230 1143; x_wconf 91' lang='lat' dir='ltr'>et</span> <span class='ocrx_word' id='word_1_66' title='bbox 255 1081 458 1142; x_wconf 90' lang='lat' dir='ltr'>uiuificantem</span> <span class='ocrx_word' id='word_1_67' title='bbox 486 1103 522 1143; x_wconf 89' lang='lat' dir='ltr'>ex</span> <span class='ocrx_word' id='word_1_68' title='bbox 549 1091 633 1160; x_wconf 90' lang='lat' dir='ltr'>patre</span> <span class='ocrx_word' id='word_1_69' title='bbox 661 1093 692 1144; x_wconf 88' lang='lat' dir='ltr'>et</span> <span class='ocrx_word' id='word_1_70' title='bbox 718 1082 781 1144; x_wconf 93' lang='lat' dir='ltr'>filio</span> <span class='ocrx_word' id='word_1_71' title='bbox 815 1085 1053 1159; x_wconf 87' lang='lat' dir='ltr'>procedentem.</span> <span class='ocrx_word' id='word_1_72' title='bbox 1068 1102 1138 1143; x_wconf 92' lang='lat' dir='ltr'>cum</span> <span class='ocrx_word' id='word_1_73' title='bbox 1165 1094 1250 1160; x_wconf 90' lang='lat' dir='ltr'>patre</span> <span class='ocrx_word' id='word_1_74' title='bbox 1281 1090 1312 1142; x_wconf 93' lang='lat' dir='ltr'>et</span> <span class='ocrx_word' id='word_1_75' title='bbox 1343 1078 1405 1140; x_wconf 91' lang='lat' dir='ltr'>filio</span> 
     </span>
     <span class='ocr_line' id='line_1_9' title="bbox 200 1163 1405 1242; baseline -0.002 -19"><span class='ocrx_word' id='word_1_76' title='bbox 200 1163 386 1224; x_wconf 91' lang='lat' dir='ltr'>adorandum</span> <span class='ocrx_word' id='word_1_77' title='bbox 401 1173 432 1225; x_wconf 92' lang='lat' dir='ltr'>et</span> <span class='ocrx_word' id='word_1_78' title='bbox 452 1163 741 1241; x_wconf 87' lang='lat' dir='ltr'>conglorificandum</span> <span class='ocrx_word' id='word_1_79' title='bbox 756 1209 763 1225; x_wconf 88' lang='lat'>.</span> <span class='ocrx_word' id='word_1_80' title='bbox 779 1164 831 1240; x_wconf 92' lang='lat' dir='ltr'>qui</span> <span class='ocrx_word' id='word_1_81' title='bbox 852 1164 971 1225; x_wconf 92' lang='lat' dir='ltr'>locutus</span> <span class='ocrx_word' id='word_1_82' title='bbox 986 1174 1031 1224; x_wconf 89' lang='lat' dir='ltr'>est</span> <span class='ocrx_word' id='word_1_83' title='bbox 1045 1183 1099 1241; x_wconf 93' lang='lat' dir='ltr'>per</span> <span class='ocrx_word' id='word_1_84' title='bbox 1119 1164 1280 1242; x_wconf 89' lang='lat' dir='ltr'>prophetas</span> <span class='ocrx_word' id='word_1_85' title='bbox 1294 1208 1302 1224; x_wconf 89' lang='lat'>.</span> <span class='ocrx_word' id='word_1_86' title='bbox 1315 1180 1405 1221; x_wconf 89' lang='lat' dir='ltr'>vnam</span> 
     </span>
     <span class='ocr_line' id='line_1_10' title="bbox 200 1241 1405 1322; baseline -0.002 -18"><span class='ocrx_word' id='word_1_87' title='bbox 200 1245 378 1305; x_wconf 85' lang='lat' dir='ltr'>catholicam</span> <span class='ocrx_word' id='word_1_88' title='bbox 405 1255 496 1322; x_wconf 93' lang='lat' dir='ltr'>atque</span> <span class='ocrx_word' id='word_1_89' title='bbox 518 1246 715 1322; x_wconf 88' lang='lat' dir='ltr'>apostolicam</span> <span class='ocrx_word' id='word_1_90' title='bbox 738 1244 915 1308; x_wconf 90' lang='lat' dir='ltr'>ecclesiam.</span> <span class='ocrx_word' id='word_1_91' title='bbox 928 1247 1116 1307; x_wconf 90' lang='lat' dir='ltr'>Confitemur</span> <span class='ocrx_word' id='word_1_92' title='bbox 1137 1263 1231 1305; x_wconf 90' lang='lat' dir='ltr'>unum</span> <span class='ocrx_word' id='word_1_93' title='bbox 1255 1241 1405 1320; x_wconf 89' lang='lat' dir='ltr'>baptisma</span> 
     </span>
     <span class='ocr_line' id='line_1_11' title="bbox 201 1325 1408 1404; baseline -0.002 -20"><span class='ocrx_word' id='word_1_94' title='bbox 201 1328 232 1385; x_wconf 88' lang='lat' dir='ltr'>in</span> <span class='ocrx_word' id='word_1_95' title='bbox 259 1325 464 1386; x_wconf 85' lang='lat' dir='ltr'>remissionem</span> <span class='ocrx_word' id='word_1_96' title='bbox 486 1338 680 1403; x_wconf 90' lang='lat' dir='ltr'>peccatorum</span> <span class='ocrx_word' id='word_1_97' title='bbox 695 1372 703 1387; x_wconf 92' lang='lat'>.</span> <span class='ocrx_word' id='word_1_98' title='bbox 718 1337 913 1404; x_wconf 86' lang='lat' dir='ltr'>expectamus</span> <span class='ocrx_word' id='word_1_99' title='bbox 933 1326 1180 1388; x_wconf 88' lang='lat' dir='ltr'>resurrectionem</span> <span class='ocrx_word' id='word_1_100' title='bbox 1194 1336 1379 1387; x_wconf 87' lang='lat' dir='ltr'>mortuorum</span> <span class='ocrx_word' id='word_1_101' title='bbox 1400 1368 1408 1381; x_wconf 92' lang='lat'>.</span> 
     </span>
     <span class='ocr_line' id='line_1_12' title="bbox 199 1406 724 1469; baseline 0 -2"><span class='ocrx_word' id='word_1_102' title='bbox 199 1417 230 1468; x_wconf 91' lang='lat' dir='ltr'>et</span> <span class='ocrx_word' id='word_1_103' title='bbox 244 1407 338 1467; x_wconf 90' lang='lat' dir='ltr'>uitam</span> <span class='ocrx_word' id='word_1_104' title='bbox 351 1406 441 1468; x_wconf 87' lang='lat' dir='ltr'>futuri</span> <span class='ocrx_word' id='word_1_105' title='bbox 455 1410 557 1469; x_wconf 92' lang='lat' dir='ltr'>seculi.</span> <span class='ocrx_word' id='word_1_106' title='bbox 600 1410 724 1469; x_wconf 74' lang='lat' dir='ltr'>Amen.²</span> 
     </span>
    </p>

    <p class='ocr_par' dir='ltr' id='par_1_3' title="bbox 199 1484 1410 3276">
     <span class='ocr_line' id='line_1_13' title="bbox 243 1484 1408 1568; baseline -0.002 -21"><span class='ocrx_word' id='word_1_107' title='bbox 243 1490 335 1548; x_wconf 91' lang='lat' dir='ltr'>Hanc</span> <span class='ocrx_word' id='word_1_108' title='bbox 358 1490 461 1550; x_wconf 84' lang='lat' dir='ltr'>fratres</span> <span class='ocrx_word' id='word_1_109' title='bbox 488 1490 579 1549; x_wconf 90' lang='lat' dir='ltr'>fidem</span> <span class='ocrx_word' id='word_1_110' title='bbox 607 1508 666 1567; x_wconf 71' lang='lat' dir='ltr'>que</span> <span class='ocrx_word' id='word_1_111' title='bbox 700 1486 787 1549; x_wconf 91' lang='lat' dir='ltr'>uobis</span> <span class='ocrx_word' id='word_1_112' title='bbox 822 1487 957 1568; x_wconf 86' lang='lat' dir='ltr'>exposita</span> <span class='ocrx_word' id='word_1_113' title='bbox 984 1498 1031 1549; x_wconf 90' lang='lat' dir='ltr'>est</span> <span class='ocrx_word' id='word_1_114' title='bbox 1064 1498 1184 1566; x_wconf 88' lang='lat' dir='ltr'>oportet</span> <span class='ocrx_word' id='word_1_115' title='bbox 1216 1498 1250 1550; x_wconf 91' lang='lat' dir='ltr'>ut</span> <span class='ocrx_word' id='word_1_116' title='bbox 1284 1484 1408 1546; x_wconf 88' lang='lat' dir='ltr'>firmiter</span> 
     </span>
     <span class='ocr_line' id='line_1_14' title="bbox 200 1569 1406 1647; baseline -0.001 -20"><span class='ocrx_word' id='word_1_117' title='bbox 200 1570 347 1630; x_wconf 88' lang='lat' dir='ltr'>teneatis.</span> <span class='ocrx_word' id='word_1_118' title='bbox 366 1580 396 1630; x_wconf 90' lang='lat' dir='ltr'>et</span> <span class='ocrx_word' id='word_1_119' title='bbox 423 1580 526 1631; x_wconf 89' lang='lat' dir='ltr'>tenere</span> <span class='ocrx_word' id='word_1_120' title='bbox 560 1590 633 1631; x_wconf 92' lang='lat' dir='ltr'>uero</span> <span class='ocrx_word' id='word_1_121' title='bbox 667 1570 760 1630; x_wconf 88' lang='lat' dir='ltr'>corde</span> <span class='ocrx_word' id='word_1_122' title='bbox 797 1570 997 1647; x_wconf 90' lang='lat' dir='ltr'>profiteamini</span> <span class='ocrx_word' id='word_1_123' title='bbox 1012 1615 1019 1630; x_wconf 93' lang='lat'>.</span> <span class='ocrx_word' id='word_1_124' title='bbox 1033 1570 1148 1631; x_wconf 82' lang='lat' dir='ltr'>Dicant</span> <span class='ocrx_word' id='word_1_125' title='bbox 1180 1589 1297 1631; x_wconf 87' lang='lat' dir='ltr'>omncs.</span> <span class='ocrx_word' id='word_1_126' title='bbox 1314 1569 1406 1628; x_wconf 90' lang='lat' dir='ltr'>Hanc</span> 
     </span>
     <span class='ocr_line' id='line_1_15' title="bbox 200 1646 1405 1729; baseline -0.002 -19"><span class='ocrx_word' id='word_1_127' title='bbox 200 1662 337 1712; x_wconf 90' lang='lat' dir='ltr'>tenemus</span> <span class='ocrx_word' id='word_1_128' title='bbox 352 1697 360 1713; x_wconf 99' lang='lat'>.</span> <span class='ocrx_word' id='word_1_129' title='bbox 375 1651 454 1711; x_wconf 89' lang='lat' dir='ltr'>hanc</span> <span class='ocrx_word' id='word_1_130' title='bbox 489 1652 668 1712; x_wconf 89' lang='lat' dir='ltr'>laudamus.</span> <span class='ocrx_word' id='word_1_131' title='bbox 684 1652 764 1711; x_wconf 90' lang='lat' dir='ltr'>hanc</span> <span class='ocrx_word' id='word_1_132' title='bbox 799 1662 903 1714; x_wconf 87' lang='lat' dir='ltr'>tenere</span> <span class='ocrx_word' id='word_1_133' title='bbox 938 1653 1132 1729; x_wconf 88' lang='lat' dir='ltr'>profitemur.</span> <span class='ocrx_word' id='word_1_134' title='bbox 1149 1652 1279 1728; x_wconf 88' lang='lat' dir='ltr'>Oportet</span> <span class='ocrx_word' id='word_1_135' title='bbox 1314 1646 1405 1710; x_wconf 89' lang='lat' dir='ltr'>etiam</span> 
     </span>
     <span class='ocr_line' id='line_1_16' title="bbox 199 1730 1405 1812; baseline -0.002 -21"><span class='ocrx_word' id='word_1_136' title='bbox 199 1733 303 1792; x_wconf 83' lang='lat' dir='ltr'>fratres</span> <span class='ocrx_word' id='word_1_137' title='bbox 317 1731 527 1793; x_wconf 89' lang='lat' dir='ltr'>karissimi.ut</span> <span class='ocrx_word' id='word_1_138' title='bbox 548 1733 623 1794; x_wconf 88' lang='lat' dir='ltr'>fides</span> <span class='ocrx_word' id='word_1_139' title='bbox 643 1742 744 1793; x_wconf 88' lang='lat' dir='ltr'>uestra</span> <span class='ocrx_word' id='word_1_140' title='bbox 765 1732 804 1793; x_wconf 90' lang='lat' dir='ltr'>dc</span> <span class='ocrx_word' id='word_1_141' title='bbox 824 1752 951 1812; x_wconf 91' lang='lat' dir='ltr'>corpore</span> <span class='ocrx_word' id='word_1_142' title='bbox 967 1745 997 1794; x_wconf 92' lang='lat' dir='ltr'>et</span> <span class='ocrx_word' id='word_1_143' title='bbox 1011 1732 1155 1809; x_wconf 85' lang='lat' dir='ltr'>sangnine</span> <span class='ocrx_word' id='word_1_144' title='bbox 1175 1730 1293 1794; x_wconf 91' lang='lat' dir='ltr'>domini</span> <span class='ocrx_word' id='word_1_145' title='bbox 1313 1749 1405 1807; x_wconf 90' lang='lat' dir='ltr'>quam</span> 
     </span>
     <span class='ocr_line' id='line_1_17' title="bbox 200 1810 1408 1892; baseline -0.002 -20"><span class='ocrx_word' id='word_1_146' title='bbox 200 1813 371 1891; x_wconf 89' lang='lat' dir='ltr'>presidente</span> <span class='ocrx_word' id='word_1_147' title='bbox 399 1814 469 1873; x_wconf 93' lang='lat' dir='ltr'>huic</span> <span class='ocrx_word' id='word_1_148' title='bbox 494 1824 596 1891; x_wconf 71' lang='lat' dir='ltr'>sancte</span> <span class='ocrx_word' id='word_1_149' title='bbox 618 1813 683 1874; x_wconf 93' lang='lat' dir='ltr'>sedi</span> <span class='ocrx_word' id='word_1_150' title='bbox 704 1814 883 1875; x_wconf 90' lang='lat' dir='ltr'>uenerabilis</span> <span class='ocrx_word' id='word_1_151' title='bbox 906 1813 1048 1892; x_wconf 74' lang='lat' dir='ltr'>memorie</span> <span class='ocrx_word' id='word_1_152' title='bbox 1072 1830 1230 1874; x_wconf 79' lang='lat' dir='ltr'>navnrnro</span> <span class='ocrx_word' id='word_1_153' title='bbox 1250 1810 1408 1873; x_wconf 89' lang='lat' dir='ltr'>communi</span> 
     </span>
     <span class='ocr_line' id='line_1_18' title="bbox 199 1892 1407 1974; baseline -0.002 -19"><span class='ocrx_word' id='word_1_154' title='bbox 199 1913 323 1955; x_wconf 84' lang='lat' dir='ltr'>assensu</span> <span class='ocrx_word' id='word_1_155' title='bbox 337 1905 443 1956; x_wconf 88' lang='lat' dir='ltr'>contra</span> <span class='ocrx_word' id='word_1_156' title='bbox 455 1893 677 1972; x_wconf 88' lang='lat' dir='ltr'>spurcissimas³</span> <span class='ocrx_word' id='word_1_157' title='bbox 696 1896 868 1973; x_wconf 87' lang='lat' dir='ltr'>Berengarii</span> <span class='ocrx_word' id='word_1_158' title='bbox 881 1895 1006 1974; x_wconf 90' lang='lat' dir='ltr'>eiusque</span> <span class='ocrx_word' id='word_1_159' title='bbox 1020 1896 1193 1973; x_wconf 88' lang='lat' dir='ltr'>sequacium</span> <span class='ocrx_word' id='word_1_160' title='bbox 1208 1893 1317 1956; x_wconf 77' lang='lat' dir='ltr'>uoces⁸</span> <span class='ocrx_word' id='word_1_161' title='bbox 1330 1892 1407 1954; x_wconf 89' lang='lat' dir='ltr'>diffi-</span> 
     </span>
     <span class='ocr_line' id='line_1_19' title="bbox 199 1974 1405 2055; baseline -0.001 -20"><span class='ocrx_word' id='word_1_162' title='bbox 199 1974 286 2036; x_wconf 91' lang='lat' dir='ltr'>nistis</span> <span class='ocrx_word' id='word_1_163' title='bbox 300 2017 308 2034; x_wconf 92' lang='lat'>.</span> <span class='ocrx_word' id='word_1_164' title='bbox 323 1974 431 2037; x_wconf 91' lang='lat' dir='ltr'>iterum</span> <span class='ocrx_word' id='word_1_165' title='bbox 455 1975 617 2037; x_wconf 68' lang='lat' dir='ltr'>recitetur⁴=</span> <span class='ocrx_word' id='word_1_166' title='bbox 631 2021 639 2036; x_wconf 87' lang='lat'>.</span> <span class='ocrx_word' id='word_1_167' title='bbox 655 1976 756 2037; x_wconf 91' lang='lat' dir='ltr'>Corde</span> <span class='ocrx_word' id='word_1_168' title='bbox 777 1977 928 2038; x_wconf 90' lang='lat' dir='ltr'>credimus</span> <span class='ocrx_word' id='word_1_169' title='bbox 952 1987 983 2038; x_wconf 93' lang='lat' dir='ltr'>et</span> <span class='ocrx_word' id='word_1_170' title='bbox 1007 1996 1059 2038; x_wconf 92' lang='lat' dir='ltr'>ore</span> <span class='ocrx_word' id='word_1_171' title='bbox 1082 1978 1278 2055; x_wconf 90' lang='lat' dir='ltr'>profitemur.</span> <span class='ocrx_word' id='word_1_172' title='bbox 1293 1992 1405 2053; x_wconf 88' lang='lat' dir='ltr'>panem</span> 
     </span>
     <span class='ocr_line' id='line_1_20' title="bbox 199 2056 1408 2135; baseline -0.001 -19"><span class='ocrx_word' id='word_1_173' title='bbox 199 2056 231 2116; x_wconf 92' lang='lat' dir='ltr'>in</span> <span class='ocrx_word' id='word_1_174' title='bbox 244 2076 349 2117; x_wconf 91' lang='lat' dir='ltr'>mensa</span> <span class='ocrx_word' id='word_1_175' title='bbox 367 2057 519 2118; x_wconf 87' lang='lat' dir='ltr'>dominica</span> <span class='ocrx_word' id='word_1_176' title='bbox 538 2059 726 2135; x_wconf 90' lang='lat' dir='ltr'>propositum</span> <span class='ocrx_word' id='word_1_177' title='bbox 739 2104 746 2119; x_wconf 92' lang='lat'>.</span> <span class='ocrx_word' id='word_1_178' title='bbox 758 2075 869 2134; x_wconf 88' lang='lat' dir='ltr'>panem</span> <span class='ocrx_word' id='word_1_179' title='bbox 885 2058 1095 2119; x_wconf 88' lang='lat' dir='ltr'>tantummodo</span> <span class='ocrx_word' id='word_1_180' title='bbox 1114 2077 1199 2119; x_wconf 91' lang='lat' dir='ltr'>esse.</span> <span class='ocrx_word' id='word_1_181' title='bbox 1211 2067 1281 2118; x_wconf 89' lang='lat' dir='ltr'>ante</span> <span class='ocrx_word' id='word_1_182' title='bbox 1302 2074 1408 2117; x_wconf 91' lang='lat' dir='ltr'>conse-</span> 
     </span>
     <span class='ocr_line' id='line_1_21' title="bbox 199 2137 1408 2217; baseline -0.002 -19"><span class='ocrx_word' id='word_1_183' title='bbox 199 2137 382 2200; x_wconf 90' lang='lat' dir='ltr'>crationem.</span> <span class='ocrx_word' id='word_1_184' title='bbox 397 2140 450 2199; x_wconf 94' lang='lat' dir='ltr'>sed</span> <span class='ocrx_word' id='word_1_185' title='bbox 469 2138 501 2198; x_wconf 93' lang='lat' dir='ltr'>in</span> <span class='ocrx_word' id='word_1_186' title='bbox 515 2138 581 2216; x_wconf 89' lang='lat' dir='ltr'>ipsa</span> <span class='ocrx_word' id='word_1_187' title='bbox 594 2138 821 2200; x_wconf 90' lang='lat' dir='ltr'>consecratione</span> <span class='ocrx_word' id='word_1_188' title='bbox 840 2139 984 2201; x_wconf 87' lang='lat' dir='ltr'>ineffabili</span> <span class='ocrx_word' id='word_1_189' title='bbox 1001 2139 1138 2217; x_wconf 91' lang='lat' dir='ltr'>potentia</span> <span class='ocrx_word' id='word_1_190' title='bbox 1156 2137 1322 2201; x_wconf 91' lang='lat' dir='ltr'>diuinitatis</span> <span class='ocrx_word' id='word_1_191' title='bbox 1335 2155 1408 2197; x_wconf 89' lang='lat' dir='ltr'>con·</span> 
     </span>
     <span class='ocr_line' id='line_1_22' title="bbox 200 2217 1407 2297; baseline -0.004 -17"><span class='ocrx_word' id='word_1_192' title='bbox 200 2218 277 2280; x_wconf 90' lang='lat' dir='ltr'>uerti</span> <span class='ocrx_word' id='word_1_193' title='bbox 290 2230 427 2279; x_wconf 89' lang='lat' dir='ltr'>naturam</span> <span class='ocrx_word' id='word_1_194' title='bbox 442 2230 472 2281; x_wconf 87' lang='lat' dir='ltr'>et</span> <span class='ocrx_word' id='word_1_195' title='bbox 491 2220 686 2280; x_wconf 86' lang='lat' dir='ltr'>substantiam</span> <span class='ocrx_word' id='word_1_196' title='bbox 703 2219 790 2297; x_wconf 92' lang='lat' dir='ltr'>panis</span> <span class='ocrx_word' id='word_1_197' title='bbox 807 2268 814 2282; x_wconf 94' lang='lat'>.</span> <span class='ocrx_word' id='word_1_198' title='bbox 829 2220 861 2280; x_wconf 91' lang='lat' dir='ltr'>in</span> <span class='ocrx_word' id='word_1_199' title='bbox 875 2233 1012 2282; x_wconf 90' lang='lat' dir='ltr'>naturam</span> <span class='ocrx_word' id='word_1_200' title='bbox 1027 2232 1057 2281; x_wconf 91' lang='lat' dir='ltr'>et</span> <span class='ocrx_word' id='word_1_201' title='bbox 1071 2220 1267 2281; x_wconf 89' lang='lat' dir='ltr'>substantiam</span> <span class='ocrx_word' id='word_1_202' title='bbox 1285 2217 1384 2280; x_wconf 90' lang='lat' dir='ltr'>carnis</span> <span class='ocrx_word' id='word_1_203' title='bbox 1399 2259 1407 2275; x_wconf 92' lang='lat'>.</span> 
     </span>
     <span class='ocr_line' id='line_1_23' title="bbox 200 2298 1407 2382; baseline -0.002 -21"><span class='ocrx_word' id='word_1_204' title='bbox 200 2299 298 2361; x_wconf 85' lang='lat' dir='ltr'>carnis</span> <span class='ocrx_word' id='word_1_205' title='bbox 314 2320 388 2361; x_wconf 92' lang='lat' dir='ltr'>uero</span> <span class='ocrx_word' id='word_1_206' title='bbox 409 2319 470 2361; x_wconf 93' lang='lat' dir='ltr'>non</span> <span class='ocrx_word' id='word_1_207' title='bbox 491 2302 579 2361; x_wconf 92' lang='lat' dir='ltr'>ullius</span> <span class='ocrx_word' id='word_1_208' title='bbox 600 2302 742 2363; x_wconf 91' lang='lat' dir='ltr'>alterius.</span> <span class='ocrx_word' id='word_1_209' title='bbox 758 2301 813 2363; x_wconf 91' lang='lat' dir='ltr'>sed</span> <span class='ocrx_word' id='word_1_210' title='bbox 832 2301 912 2363; x_wconf 92' lang='lat' dir='ltr'>illius</span> <span class='ocrx_word' id='word_1_211' title='bbox 933 2321 993 2382; x_wconf 69' lang='lat' dir='ltr'>que</span> <span class='ocrx_word' id='word_1_212' title='bbox 1012 2312 1160 2379; x_wconf 88' lang='lat' dir='ltr'>concepta</span> <span class='ocrx_word' id='word_1_213' title='bbox 1176 2312 1222 2363; x_wconf 91' lang='lat' dir='ltr'>est</span> <span class='ocrx_word' id='word_1_214' title='bbox 1244 2300 1284 2361; x_wconf 91' lang='lat' dir='ltr'>de</span> <span class='ocrx_word' id='word_1_215' title='bbox 1302 2298 1407 2378; x_wconf 89' lang='lat' dir='ltr'>spiritu</span> 
     </span>
     <span class='ocr_line' id='line_1_24' title="bbox 200 2381 1409 2462; baseline -0.001 -21"><span class='ocrx_word' id='word_1_216' title='bbox 200 2391 328 2443; x_wconf 90' lang='lat' dir='ltr'>sancto.</span> <span class='ocrx_word' id='word_1_217' title='bbox 344 2393 415 2442; x_wconf 90' lang='lat' dir='ltr'>nata</span> <span class='ocrx_word' id='word_1_218' title='bbox 442 2400 479 2443; x_wconf 88' lang='lat' dir='ltr'>ex</span> <span class='ocrx_word' id='word_1_219' title='bbox 506 2384 599 2442; x_wconf 91' lang='lat' dir='ltr'>maria</span> <span class='ocrx_word' id='word_1_220' title='bbox 625 2381 763 2459; x_wconf 85' lang='lat' dir='ltr'>uirgine.</span> <span class='ocrx_word' id='word_1_221' title='bbox 784 2386 852 2462; x_wconf 69' lang='lat' dir='ltr'>Que</span> <span class='ocrx_word' id='word_1_222' title='bbox 880 2383 972 2446; x_wconf 88' lang='lat' dir='ltr'>etiam</span> <span class='ocrx_word' id='word_1_223' title='bbox 1000 2396 1122 2461; x_wconf 87' lang='lat' dir='ltr'>propter</span> <span class='ocrx_word' id='word_1_224' title='bbox 1148 2401 1204 2443; x_wconf 90' lang='lat' dir='ltr'>uos</span> <span class='ocrx_word' id='word_1_225' title='bbox 1228 2394 1258 2443; x_wconf 89' lang='lat' dir='ltr'>et</span> <span class='ocrx_word' id='word_1_226' title='bbox 1286 2391 1409 2461; x_wconf 83' lang='lat' dir='ltr'>propter</span> 
     </span>
     <span class='ocr_line' id='line_1_25' title="bbox 200 2461 1410 2542; baseline -0.001 -20"><span class='ocrx_word' id='word_1_227' title='bbox 200 2474 332 2523; x_wconf 90' lang='lat' dir='ltr'>nostram</span> <span class='ocrx_word' id='word_1_228' title='bbox 347 2463 474 2523; x_wconf 90' lang='lat' dir='ltr'>salutem</span> <span class='ocrx_word' id='word_1_229' title='bbox 495 2464 618 2542; x_wconf 87' lang='lat' dir='ltr'>flagellis</span> <span class='ocrx_word' id='word_1_230' title='bbox 639 2484 726 2541; x_wconf 75' lang='lat' dir='ltr'>cesa.</span> <span class='ocrx_word' id='word_1_231' title='bbox 738 2464 829 2525; x_wconf 89' lang='lat' dir='ltr'>iacuit</span> <span class='ocrx_word' id='word_1_232' title='bbox 849 2466 881 2524; x_wconf 93' lang='lat' dir='ltr'>in</span> <span class='ocrx_word' id='word_1_233' title='bbox 902 2466 1056 2542; x_wconf 83' lang='lat' dir='ltr'>sepulcro⁵</span> <span class='ocrx_word' id='word_1_234' title='bbox 1069 2465 1161 2526; x_wconf 90' lang='lat' dir='ltr'>tercia</span> <span class='ocrx_word' id='word_1_235' title='bbox 1181 2463 1231 2526; x_wconf 90' lang='lat' dir='ltr'>die</span> <span class='ocrx_word' id='word_1_236' title='bbox 1251 2461 1410 2525; x_wconf 81' lang='lat' dir='ltr'>resurrexit</span> 
     </span>
     <span class='ocr_line' id='line_1_26' title="bbox 200 2543 1407 2623; baseline -0.001 -20"><span class='ocrx_word' id='word_1_237' title='bbox 200 2563 219 2603; x_wconf 94' lang='lat' dir='ltr'>a</span> <span class='ocrx_word' id='word_1_238' title='bbox 246 2543 392 2605; x_wconf 87' lang='lat' dir='ltr'>mortuis.</span> <span class='ocrx_word' id='word_1_239' title='bbox 410 2554 441 2604; x_wconf 91' lang='lat' dir='ltr'>et</span> <span class='ocrx_word' id='word_1_240' title='bbox 469 2545 555 2606; x_wconf 88' lang='lat' dir='ltr'>sedet</span> <span class='ocrx_word' id='word_1_241' title='bbox 582 2544 621 2605; x_wconf 91' lang='lat' dir='ltr'>ad</span> <span class='ocrx_word' id='word_1_242' title='bbox 649 2546 802 2606; x_wconf 88' lang='lat' dir='ltr'>dexteram</span> <span class='ocrx_word' id='word_1_243' title='bbox 823 2546 874 2608; x_wconf 92' lang='lat' dir='ltr'>dei</span> <span class='ocrx_word' id='word_1_244' title='bbox 897 2547 1009 2623; x_wconf 87' lang='lat' dir='ltr'>patris.</span> <span class='ocrx_word' id='word_1_245' title='bbox 1027 2546 1167 2608; x_wconf 90' lang='lat' dir='ltr'>Similiter</span> <span class='ocrx_word' id='word_1_246' title='bbox 1195 2545 1299 2606; x_wconf 92' lang='lat' dir='ltr'>uinum</span> <span class='ocrx_word' id='word_1_247' title='bbox 1324 2544 1407 2621; x_wconf 91' lang='lat' dir='ltr'>quod</span> 
     </span>
     <span class='ocr_line' id='line_1_27' title="bbox 200 2623 1409 2706; baseline -0.002 -20"><span class='ocrx_word' id='word_1_248' title='bbox 200 2626 305 2706; x_wconf 69' lang='lat' dir='ltr'>aque&#39;t</span> <span class='ocrx_word' id='word_1_249' title='bbox 326 2624 451 2687; x_wconf 87' lang='lat' dir='ltr'>mixtum</span> <span class='ocrx_word' id='word_1_250' title='bbox 469 2627 510 2686; x_wconf 86' lang='lat' dir='ltr'>tin</span> <span class='ocrx_word' id='word_1_251' title='bbox 538 2627 632 2688; x_wconf 92' lang='lat' dir='ltr'>calice</span> <span class='ocrx_word' id='word_1_252' title='bbox 653 2628 902 2689; x_wconf 90' lang='lat' dir='ltr'>sanctificandum</span> <span class='ocrx_word' id='word_1_253' title='bbox 931 2628 1107 2706; x_wconf 90' lang='lat' dir='ltr'>proponitur</span> <span class='ocrx_word' id='word_1_254' title='bbox 1122 2674 1130 2690; x_wconf 93' lang='lat'>.</span> <span class='ocrx_word' id='word_1_255' title='bbox 1144 2647 1215 2689; x_wconf 91' lang='lat' dir='ltr'>uere</span> <span class='ocrx_word' id='word_1_256' title='bbox 1236 2637 1268 2687; x_wconf 92' lang='lat' dir='ltr'>et</span> <span class='ocrx_word' id='word_1_257' title='bbox 1288 2623 1409 2688; x_wconf 91' lang='lat' dir='ltr'>essenti-</span> 
     </span>
     <span class='ocr_line' id='line_1_28' title="bbox 199 2707 1410 2788; baseline 0.001 -22"><span class='ocrx_word' id='word_1_258' title='bbox 199 2707 287 2768; x_wconf 90' lang='lat' dir='ltr'>aliter</span> <span class='ocrx_word' id='word_1_259' title='bbox 307 2708 443 2769; x_wconf 89' lang='lat' dir='ltr'>conuerti</span> <span class='ocrx_word' id='word_1_260' title='bbox 464 2707 497 2769; x_wconf 92' lang='lat' dir='ltr'>in</span> <span class='ocrx_word' id='word_1_261' title='bbox 517 2728 587 2769; x_wconf 91' lang='lat' dir='ltr'>eum</span> <span class='ocrx_word' id='word_1_262' title='bbox 609 2709 784 2786; x_wconf 88' lang='lat' dir='ltr'>sanguinem</span> <span class='ocrx_word' id='word_1_263' title='bbox 805 2710 858 2788; x_wconf 91' lang='lat' dir='ltr'>qui</span> <span class='ocrx_word' id='word_1_264' title='bbox 878 2729 932 2786; x_wconf 90' lang='lat' dir='ltr'>per</span> <span class='ocrx_word' id='word_1_265' title='bbox 951 2711 1088 2770; x_wconf 88' lang='lat' dir='ltr'>lanceam</span> <span class='ocrx_word' id='word_1_266' title='bbox 1109 2707 1211 2769; x_wconf 90' lang='lat' dir='ltr'>militis</span> <span class='ocrx_word' id='word_1_267' title='bbox 1229 2709 1268 2769; x_wconf 92' lang='lat' dir='ltr'>de</span> <span class='ocrx_word' id='word_1_268' title='bbox 1285 2708 1410 2768; x_wconf 91' lang='lat' dir='ltr'>uulnere</span> 
     </span>
     <span class='ocr_line' id='line_1_29' title="bbox 200 2787 1405 2871; baseline 0 -23"><span class='ocrx_word' id='word_1_269' title='bbox 200 2788 347 2848; x_wconf 91' lang='lat' dir='ltr'>dominici</span> <span class='ocrx_word' id='word_1_270' title='bbox 367 2787 467 2850; x_wconf 90' lang='lat' dir='ltr'>lateris</span> <span class='ocrx_word' id='word_1_271' title='bbox 490 2789 522 2849; x_wconf 93' lang='lat' dir='ltr'>in</span> <span class='ocrx_word' id='word_1_272' title='bbox 543 2790 784 2867; x_wconf 89' lang='lat' dir='ltr'>redemptionem</span> <span class='ocrx_word' id='word_1_273' title='bbox 805 2791 912 2852; x_wconf 92' lang='lat' dir='ltr'>mundi</span> <span class='ocrx_word' id='word_1_274' title='bbox 933 2792 1058 2852; x_wconf 81' lang='lat' dir='ltr'>feliciter</span> <span class='ocrx_word' id='word_1_275' title='bbox 1077 2797 1210 2868; x_wconf 76' lang='lat' dir='ltr'>lemana·</span> <span class='ocrx_word' id='word_1_276' title='bbox 1232 2788 1294 2871; x_wconf 81' lang='lat' dir='ltr'>[fol.</span> <span class='ocrx_word' id='word_1_277' title='bbox 1319 2791 1405 2864; x_wconf 85' lang='lat' dir='ltr'>178v.</span> 
     </span>
     <span class='ocr_line' id='line_1_30' title="bbox 201 2869 1406 2951; baseline -0.001 -23"><span class='ocrx_word' id='word_1_278' title='bbox 201 2869 266 2929; x_wconf 92' lang='lat' dir='ltr'>uit.</span> <span class='ocrx_word' id='word_1_279' title='bbox 282 2869 579 2931; x_wconf 85' lang='lat' dir='ltr'>Anathematizamus</span> <span class='ocrx_word' id='word_1_280' title='bbox 607 2883 712 2932; x_wconf 90' lang='lat' dir='ltr'>contra</span> <span class='ocrx_word' id='word_1_281' title='bbox 739 2873 817 2933; x_wconf 89' lang='lat' dir='ltr'>hanc</span> <span class='ocrx_word' id='word_1_282' title='bbox 849 2882 984 2933; x_wconf 89' lang='lat' dir='ltr'>sanctam</span> <span class='ocrx_word' id='word_1_283' title='bbox 1019 2883 1050 2932; x_wconf 91' lang='lat' dir='ltr'>et</span> <span class='ocrx_word' id='word_1_284' title='bbox 1083 2872 1280 2951; x_wconf 86' lang='lat' dir='ltr'>apostolicam</span> <span class='ocrx_word' id='word_1_285' title='bbox 1314 2871 1406 2931; x_wconf 88' lang='lat' dir='ltr'>fidem</span> 
     </span>
     <span class='ocr_line' id='line_1_31' title="bbox 202 2950 1403 3031; baseline 0 -21"><span class='ocrx_word' id='word_1_286' title='bbox 202 2952 331 3027; x_wconf 87' lang='lat' dir='ltr'>superbe</span> <span class='ocrx_word' id='word_1_287' title='bbox 358 2962 449 3030; x_wconf 87' lang='lat' dir='ltr'>atque</span> <span class='ocrx_word' id='word_1_288' title='bbox 476 2952 610 3013; x_wconf 90' lang='lat' dir='ltr'>heretice</span> <span class='ocrx_word' id='word_1_289' title='bbox 638 2951 802 3014; x_wconf 87' lang='lat' dir='ltr'>sentientes</span> <span class='ocrx_word' id='word_1_290' title='bbox 817 2996 824 3012; x_wconf 90' lang='lat'>.</span> <span class='ocrx_word' id='word_1_291' title='bbox 839 2966 870 3015; x_wconf 90' lang='lat' dir='ltr'>et</span> <span class='ocrx_word' id='word_1_292' title='bbox 897 2953 991 3031; x_wconf 91' lang='lat' dir='ltr'>impia</span> <span class='ocrx_word' id='word_1_293' title='bbox 1025 2953 1192 3015; x_wconf 86' lang='lat' dir='ltr'>temeritate</span> <span class='ocrx_word' id='word_1_294' title='bbox 1219 2950 1403 3030; x_wconf 86' lang='lat' dir='ltr'>garrientes.</span> 
     </span>
     <span class='ocr_line' id='line_1_32' title="bbox 203 3032 1406 3110; baseline 0.001 -19"><span class='ocrx_word' id='word_1_295' title='bbox 203 3033 294 3092; x_wconf 92' lang='lat' dir='ltr'>Nunc</span> <span class='ocrx_word' id='word_1_296' title='bbox 321 3033 383 3093; x_wconf 90' lang='lat' dir='ltr'>fide</span> <span class='ocrx_word' id='word_1_297' title='bbox 410 3044 513 3094; x_wconf 90' lang='lat' dir='ltr'>nostra</span> <span class='ocrx_word' id='word_1_298' title='bbox 539 3033 696 3109; x_wconf 88' lang='lat' dir='ltr'>exposita.</span> <span class='ocrx_word' id='word_1_299' title='bbox 713 3046 831 3110; x_wconf 89' lang='lat' dir='ltr'>oportet</span> <span class='ocrx_word' id='word_1_300' title='bbox 859 3045 894 3094; x_wconf 91' lang='lat' dir='ltr'>ut</span> <span class='ocrx_word' id='word_1_301' title='bbox 920 3037 960 3095; x_wconf 92' lang='lat' dir='ltr'>de</span> <span class='ocrx_word' id='word_1_302' title='bbox 988 3035 1150 3095; x_wconf 91' lang='lat' dir='ltr'>commisso</span> <span class='ocrx_word' id='word_1_303' title='bbox 1185 3033 1273 3094; x_wconf 91' lang='lat' dir='ltr'>nobis</span> <span class='ocrx_word' id='word_1_304' title='bbox 1300 3032 1406 3094; x_wconf 89' lang='lat' dir='ltr'>ordine</span> 
     </span>
     <span class='ocr_line' id='line_1_33' title="bbox 201 3113 1406 3194; baseline 0.002 -22"><span class='ocrx_word' id='word_1_305' title='bbox 201 3113 302 3190; x_wconf 87' lang='lat' dir='ltr'>aliqua</span> <span class='ocrx_word' id='word_1_306' title='bbox 320 3114 501 3191; x_wconf 89' lang='lat' dir='ltr'>loquamur.</span> <span class='ocrx_word' id='word_1_307' title='bbox 516 3115 616 3176; x_wconf 83' lang='lat' dir='ltr'>Finito</span> <span class='ocrx_word' id='word_1_308' title='bbox 638 3136 766 3176; x_wconf 84' lang='lat' dir='ltr'>sermone</span> <span class='ocrx_word' id='word_1_309' title='bbox 786 3117 1010 3193; x_wconf 79' lang='lat' dir='ltr'>archiepiscopus</span> <span class='ocrx_word' id='word_1_310' title='bbox 1023 3119 1167 3194; x_wconf 84' lang='lat' dir='ltr'>precipiat</span> <span class='ocrx_word' id='word_1_311' title='bbox 1188 3116 1406 3176; x_wconf 78' lang='lat' dir='ltr'>archidiacono.</span> 
     </span>
     <span class='ocr_line' id='line_1_34' title="bbox 200 3197 1017 3276; baseline 0.004 -22"><span class='ocrx_word' id='word_1_312' title='bbox 200 3204 236 3254; x_wconf 87' lang='lat' dir='ltr'>ut</span> <span class='ocrx_word' id='word_1_313' title='bbox 246 3197 380 3271; x_wconf 75' lang='lat' dir='ltr'>primum</span> <span class='ocrx_word' id='word_1_314' title='bbox 401 3198 557 3273; x_wconf 81' lang='lat' dir='ltr'>capitulam</span> <span class='ocrx_word' id='word_1_315' title='bbox 578 3197 650 3258; x_wconf 69' lang='lat' dir='ltr'>xim‘.</span> <span class='ocrx_word' id='word_1_316' title='bbox 672 3198 791 3257; x_wconf 78' lang='lat' dir='ltr'>toletani</span> <span class='ocrx_word' id='word_1_317' title='bbox 808 3200 918 3258; x_wconf 86' lang='lat' dir='ltr'>concilii</span> <span class='ocrx_word' id='word_1_318' title='bbox 936 3200 1017 3276; x_wconf 82' lang='lat' dir='ltr'>legat.</span> 
     </span>
    </p>

    <p class='ocr_par' dir='ltr' id='par_1_4' title="bbox 199 3276 1409 4169">
     <span class='ocr_line' id='line_1_35' title="bbox 243 3276 1407 3341; baseline -0.001 -5"><span class='ocrx_word' id='word_1_319' title='bbox 243 3279 280 3336; x_wconf 89' lang='lat' dir='ltr'>In</span> <span class='ocrx_word' id='word_1_320' title='bbox 294 3276 363 3337; x_wconf 92' lang='lat' dir='ltr'>loco</span> <span class='ocrx_word' id='word_1_321' title='bbox 384 3277 602 3338; x_wconf 89' lang='lat' dir='ltr'>benedictionis</span> <span class='ocrx_word' id='word_1_322' title='bbox 622 3280 815 3340; x_wconf 91' lang='lat' dir='ltr'>considentes</span> <span class='ocrx_word' id='word_1_323' title='bbox 837 3279 953 3339; x_wconf 91' lang='lat' dir='ltr'>domini</span> <span class='ocrx_word' id='word_1_324' title='bbox 974 3278 1166 3341; x_wconf 88' lang='lat' dir='ltr'>sacerdotes.</span> <span class='ocrx_word' id='word_1_325' title='bbox 1183 3278 1273 3338; x_wconf 93' lang='lat' dir='ltr'>nullis</span> <span class='ocrx_word' id='word_1_326' title='bbox 1294 3277 1407 3338; x_wconf 91' lang='lat' dir='ltr'>debent</span> 
     </span>
     <span class='ocr_line' id='line_1_36' title="bbox 200 3357 1409 3438; baseline 0.002 -22"><span class='ocrx_word' id='word_1_327' title='bbox 200 3368 252 3418; x_wconf 90' lang='lat' dir='ltr'>aut</span> <span class='ocrx_word' id='word_1_328' title='bbox 272 3357 441 3418; x_wconf 90' lang='lat' dir='ltr'>indiscretis</span> <span class='ocrx_word' id='word_1_329' title='bbox 461 3358 587 3419; x_wconf 88' lang='lat' dir='ltr'>uocibus</span> <span class='ocrx_word' id='word_1_330' title='bbox 608 3371 794 3438; x_wconf 91' lang='lat' dir='ltr'>perstrepere</span> <span class='ocrx_word' id='word_1_331' title='bbox 810 3371 880 3422; x_wconf 81' lang='lat' dir='ltr'>‚aut</span> <span class='ocrx_word' id='word_1_332' title='bbox 899 3360 1081 3438; x_wconf 88' lang='lat' dir='ltr'>quibuslibet</span> <span class='ocrx_word' id='word_1_333' title='bbox 1102 3359 1278 3420; x_wconf 86' lang='lat' dir='ltr'>tumultibus</span> <span class='ocrx_word' id='word_1_334' title='bbox 1297 3368 1409 3436; x_wconf 91' lang='lat' dir='ltr'>pertur-</span> 
     </span>
     <span class='ocr_line' id='line_1_37' title="bbox 200 3435 1408 3519; baseline 0.001 -22"><span class='ocrx_word' id='word_1_335' title='bbox 200 3435 287 3500; x_wconf 91' lang='lat' dir='ltr'>bari.</span> <span class='ocrx_word' id='word_1_336' title='bbox 305 3437 403 3498; x_wconf 90' lang='lat' dir='ltr'>Nullis</span> <span class='ocrx_word' id='word_1_337' title='bbox 424 3438 514 3499; x_wconf 88' lang='lat' dir='ltr'>etiam</span> <span class='ocrx_word' id='word_1_338' title='bbox 535 3441 619 3501; x_wconf 89' lang='lat' dir='ltr'>uanis</span> <span class='ocrx_word' id='word_1_339' title='bbox 633 3441 741 3501; x_wconf 81' lang='lat' dir='ltr'>tabulis</span> <span class='ocrx_word' id='word_1_340' title='bbox 761 3442 810 3502; x_wconf 89' lang='lat' dir='ltr'>uel</span> <span class='ocrx_word' id='word_1_341' title='bbox 832 3442 939 3502; x_wconf 90' lang='lat' dir='ltr'>risibus</span> <span class='ocrx_word' id='word_1_342' title='bbox 959 3440 1118 3519; x_wconf 86' lang='lat' dir='ltr'>agi.quod</span> <span class='ocrx_word' id='word_1_343' title='bbox 1137 3452 1183 3502; x_wconf 90' lang='lat' dir='ltr'>est</span> <span class='ocrx_word' id='word_1_344' title='bbox 1203 3438 1334 3501; x_wconf 89' lang='lat' dir='ltr'>deterius</span> <span class='ocrx_word' id='word_1_345' title='bbox 1355 3439 1408 3499; x_wconf 80' lang='lat' dir='ltr'>ob</span> 
     </span>
     <span class='ocr_line' id='line_1_38' title="bbox 201 3517 1405 3600; baseline 0.002 -22"><span class='ocrx_word' id='word_1_346' title='bbox 201 3517 317 3579; x_wconf 89' lang='lat' dir='ltr'>stinatis</span> <span class='ocrx_word' id='word_1_347' title='bbox 342 3521 616 3582; x_wconf 89' lang='lat' dir='ltr'>concertationibus</span> <span class='ocrx_word' id='word_1_348' title='bbox 639 3524 838 3584; x_wconf 90' lang='lat' dir='ltr'>tumultuosas</span> <span class='ocrx_word' id='word_1_349' title='bbox 863 3542 955 3584; x_wconf 88' lang='lat' dir='ltr'>uoces</span> <span class='ocrx_word' id='word_1_350' title='bbox 977 3524 1153 3583; x_wconf 88' lang='lat' dir='ltr'>effundere.</span> <span class='ocrx_word' id='word_1_351' title='bbox 1169 3521 1200 3583; x_wconf 91' lang='lat' dir='ltr'>Si</span> <span class='ocrx_word' id='word_1_352' title='bbox 1228 3521 1295 3600; x_wconf 92' lang='lat' dir='ltr'>quis</span> <span class='ocrx_word' id='word_1_353' title='bbox 1323 3520 1405 3582; x_wconf 91' lang='lat' dir='ltr'>enim</span> 
     </span>
     <span class='ocr_line' id='line_1_39' title="bbox 200 3601 1404 3682; baseline 0.002 -23"><span class='ocrx_word' id='word_1_354' title='bbox 200 3611 234 3661; x_wconf 92' lang='lat' dir='ltr'>ut</span> <span class='ocrx_word' id='word_1_355' title='bbox 261 3603 414 3678; x_wconf 86' lang='lat' dir='ltr'>apostolus</span> <span class='ocrx_word' id='word_1_356' title='bbox 445 3601 508 3663; x_wconf 90' lang='lat' dir='ltr'>ait.</span> <span class='ocrx_word' id='word_1_357' title='bbox 524 3611 610 3680; x_wconf 91' lang='lat' dir='ltr'>putat</span> <span class='ocrx_word' id='word_1_358' title='bbox 644 3623 677 3663; x_wconf 91' lang='lat' dir='ltr'>se</span> <span class='ocrx_word' id='word_1_359' title='bbox 705 3603 876 3682; x_wconf 88' lang='lat' dir='ltr'>religiosum</span> <span class='ocrx_word' id='word_1_360' title='bbox 904 3623 971 3665; x_wconf 92' lang='lat' dir='ltr'>esse</span> <span class='ocrx_word' id='word_1_361' title='bbox 998 3623 1059 3665; x_wconf 93' lang='lat' dir='ltr'>non</span> <span class='ocrx_word' id='word_1_362' title='bbox 1092 3606 1244 3664; x_wconf 80' lang='lat' dir='ltr'>refrenans</span> <span class='ocrx_word' id='word_1_363' title='bbox 1272 3603 1404 3681; x_wconf 85' lang='lat' dir='ltr'>linguam</span> 
     </span>
     <span class='ocr_line' id='line_1_40' title="bbox 201 3683 1405 3762; baseline 0 -20"><span class='ocrx_word' id='word_1_364' title='bbox 201 3701 308 3742; x_wconf 87' lang='lat' dir='ltr'>suam.</span> <span class='ocrx_word' id='word_1_365' title='bbox 324 3685 378 3744; x_wconf 91' lang='lat' dir='ltr'>sed</span> <span class='ocrx_word' id='word_1_366' title='bbox 400 3684 547 3744; x_wconf 91' lang='lat' dir='ltr'>seducens</span> <span class='ocrx_word' id='word_1_367' title='bbox 568 3703 621 3745; x_wconf 91' lang='lat' dir='ltr'>cor</span> <span class='ocrx_word' id='word_1_368' title='bbox 642 3705 728 3745; x_wconf 91' lang='lat' dir='ltr'>suum</span> <span class='ocrx_word' id='word_1_369' title='bbox 743 3730 751 3746; x_wconf 93' lang='lat'>.</span> <span class='ocrx_word' id='word_1_370' title='bbox 766 3685 854 3746; x_wconf 90' lang='lat' dir='ltr'>huius</span> <span class='ocrx_word' id='word_1_371' title='bbox 875 3704 954 3745; x_wconf 89' lang='lat' dir='ltr'>uana</span> <span class='ocrx_word' id='word_1_372' title='bbox 974 3697 1018 3747; x_wconf 91' lang='lat' dir='ltr'>est</span> <span class='ocrx_word' id='word_1_373' title='bbox 1038 3684 1164 3762; x_wconf 87' lang='lat' dir='ltr'>religio.</span> <span class='ocrx_word' id='word_1_374' title='bbox 1180 3684 1302 3746; x_wconf 89' lang='lat' dir='ltr'>Cultum</span> <span class='ocrx_word' id='word_1_375' title='bbox 1324 3683 1405 3744; x_wconf 89' lang='lat' dir='ltr'>enirn</span> 
     </span>
     <span class='ocr_line' id='line_1_41' title="bbox 201 3763 1407 3843; baseline 0.001 -20"><span class='ocrx_word' id='word_1_376' title='bbox 201 3782 288 3823; x_wconf 90' lang='lat' dir='ltr'>suum</span> <span class='ocrx_word' id='word_1_377' title='bbox 316 3763 434 3824; x_wconf 87' lang='lat' dir='ltr'>iusticia</span> <span class='ocrx_word' id='word_1_378' title='bbox 460 3765 580 3842; x_wconf 86' lang='lat' dir='ltr'>perdit.</span> <span class='ocrx_word' id='word_1_379' title='bbox 597 3767 718 3842; x_wconf 91' lang='lat' dir='ltr'>quando</span> <span class='ocrx_word' id='word_1_380' title='bbox 746 3766 900 3827; x_wconf 92' lang='lat' dir='ltr'>silentium</span> <span class='ocrx_word' id='word_1_381' title='bbox 923 3765 1027 3827; x_wconf 88' lang='lat' dir='ltr'>iudicii</span> <span class='ocrx_word' id='word_1_382' title='bbox 1054 3765 1291 3843; x_wconf 89' lang='lat' dir='ltr'>obstrepentium</span> <span class='ocrx_word' id='word_1_383' title='bbox 1319 3766 1407 3825; x_wconf 90' lang='lat' dir='ltr'>turba</span> 
     </span>
     <span class='ocr_line' id='line_1_42' title="bbox 200 3843 1407 3926; baseline 0.002 -22"><span class='ocrx_word' id='word_1_384' title='bbox 200 3843 382 3906; x_wconf 80' lang='lat' dir='ltr'>confundit.</span> <span class='ocrx_word' id='word_1_385' title='bbox 398 3844 519 3907; x_wconf 92' lang='lat' dir='ltr'>dicente</span> <span class='ocrx_word' id='word_1_386' title='bbox 552 3850 701 3924; x_wconf 88' lang='lat' dir='ltr'>propheta</span> <span class='ocrx_word' id='word_1_387' title='bbox 714 3890 722 3906; x_wconf 93' lang='lat'>.</span> <span class='ocrx_word' id='word_1_388' title='bbox 737 3848 802 3909; x_wconf 90' lang='lat' dir='ltr'>Erit</span> <span class='ocrx_word' id='word_1_389' title='bbox 835 3849 935 3909; x_wconf 91' lang='lat' dir='ltr'>cultus</span> <span class='ocrx_word' id='word_1_390' title='bbox 964 3846 1082 3926; x_wconf 67' lang='lat' dir='ltr'>iusticie</span> <span class='ocrx_word' id='word_1_391' title='bbox 1117 3848 1290 3909; x_wconf 89' lang='lat' dir='ltr'>silentium.</span> <span class='ocrx_word' id='word_1_392' title='bbox 1306 3848 1407 3907; x_wconf 92' lang='lat' dir='ltr'>Debet</span> 
     </span>
     <span class='ocr_line' id='line_1_43' title="bbox 199 3925 1404 4007; baseline 0.001 -21"><span class='ocrx_word' id='word_1_393' title='bbox 199 3944 271 4002; x_wconf 89' lang='lat' dir='ltr'>ergo</span> <span class='ocrx_word' id='word_1_394' title='bbox 299 3925 445 4003; x_wconf 92' lang='lat' dir='ltr'>quicquid</span> <span class='ocrx_word' id='word_1_395' title='bbox 472 3938 523 3988; x_wconf 91' lang='lat' dir='ltr'>aut</span> <span class='ocrx_word' id='word_1_396' title='bbox 550 3928 774 3989; x_wconf 88' lang='lat' dir='ltr'>considentium</span> <span class='ocrx_word' id='word_1_397' title='bbox 802 3928 1014 3991; x_wconf 91' lang='lat' dir='ltr'>collationibus</span> <span class='ocrx_word' id='word_1_398' title='bbox 1049 3928 1145 4007; x_wconf 86' lang='lat' dir='ltr'>agitur</span> <span class='ocrx_word' id='word_1_399' title='bbox 1159 3970 1168 3988; x_wconf 89' lang='lat'>.</span> <span class='ocrx_word' id='word_1_400' title='bbox 1182 3938 1234 3989; x_wconf 91' lang='lat' dir='ltr'>aut</span> <span class='ocrx_word' id='word_1_401' title='bbox 1262 3947 1404 3988; x_wconf 89' lang='lat' dir='ltr'>accusan-</span> 
     </span>
     <span class='ocr_line' id='line_1_44' title="bbox 200 4005 1409 4088; baseline 0.002 -22"><span class='ocrx_word' id='word_1_402' title='bbox 200 4005 274 4067; x_wconf 92' lang='lat' dir='ltr'>tium</span> <span class='ocrx_word' id='word_1_403' title='bbox 302 4018 387 4084; x_wconf 90' lang='lat' dir='ltr'>parte</span> <span class='ocrx_word' id='word_1_404' title='bbox 408 4008 607 4086; x_wconf 92' lang='lat' dir='ltr'>proponitur.</span> <span class='ocrx_word' id='word_1_405' title='bbox 624 4009 667 4070; x_wconf 90' lang='lat' dir='ltr'>sic</span> <span class='ocrx_word' id='word_1_406' title='bbox 687 4008 846 4071; x_wconf 90' lang='lat' dir='ltr'>mitissima</span> <span class='ocrx_word' id='word_1_407' title='bbox 865 4012 1025 4072; x_wconf 91' lang='lat' dir='ltr'>uerborum</span> <span class='ocrx_word' id='word_1_408' title='bbox 1045 4013 1191 4071; x_wconf 88' lang='lat' dir='ltr'>relatione</span> <span class='ocrx_word' id='word_1_409' title='bbox 1213 4009 1358 4088; x_wconf 80' lang='lat' dir='ltr'>proferri.</span> <span class='ocrx_word' id='word_1_410' title='bbox 1376 4020 1409 4068; x_wconf 92' lang='lat' dir='ltr'>nt</span> 
     </span>
     <span class='ocr_line' id='line_1_45' title="bbox 199 4089 1406 4169; baseline 0 -21"><span class='ocrx_word' id='word_1_411' title='bbox 199 4107 257 4148; x_wconf 91' lang='lat' dir='ltr'>nec</span> <span class='ocrx_word' id='word_1_412' title='bbox 278 4089 474 4151; x_wconf 89' lang='lat' dir='ltr'>contentiosis</span> <span class='ocrx_word' id='word_1_413' title='bbox 494 4089 621 4150; x_wconf 92' lang='lat' dir='ltr'>uocibus</span> <span class='ocrx_word' id='word_1_414' title='bbox 643 4089 828 4152; x_wconf 89' lang='lat' dir='ltr'>audientiam</span> <span class='ocrx_word' id='word_1_415' title='bbox 849 4093 972 4154; x_wconf 90' lang='lat' dir='ltr'>turbent</span> <span class='ocrx_word' id='word_1_416' title='bbox 988 4139 995 4154; x_wconf 92' lang='lat'>.</span> <span class='ocrx_word' id='word_1_417' title='bbox 1011 4112 1068 4153; x_wconf 89' lang='lat' dir='ltr'>nec</span> <span class='ocrx_word' id='word_1_418' title='bbox 1095 4091 1251 4152; x_wconf 90' lang='lat' dir='ltr'>iudicandi</span> <span class='ocrx_word' id='word_1_419' title='bbox 1271 4093 1406 4169; x_wconf 87' lang='lat' dir='ltr'>uigorem</span> 
     </span>
    </p>
   </div>
   <div class='ocr_carea' id='block_1_3' title="bbox 199 4247 1412 4628">
    <p class='ocr_par' dir='ltr' id='par_1_5' title="bbox 233 4247 1136 4319">
     <span class='ocr_line' id='line_1_46' title="bbox 233 4247 1136 4319; baseline 0.008 -22"><span class='ocrx_word' id='word_1_420' title='bbox 233 4247 242 4277; x_wconf 88' lang='lat'><em>¹</em></span> <span class='ocrx_word' id='word_1_421' title='bbox 261 4248 331 4298; x_wconf 89' lang='lat' dir='ltr'>Here</span> <span class='ocrx_word' id='word_1_422' title='bbox 342 4248 363 4298; x_wconf 93' lang='lat' dir='ltr'>is</span> <span class='ocrx_word' id='word_1_423' title='bbox 374 4249 452 4298; x_wconf 89' lang='lat' dir='ltr'>noted</span> <span class='ocrx_word' id='word_1_424' title='bbox 463 4249 490 4298; x_wconf 90' lang='lat' dir='ltr'>in</span> <span class='ocrx_word' id='word_1_425' title='bbox 502 4248 545 4298; x_wconf 91' lang='lat' dir='ltr'>the</span> <span class='ocrx_word' id='word_1_426' title='bbox 557 4250 655 4314; x_wconf 84' lang='lat' dir='ltr'>margin</span> <span class='ocrx_word' id='word_1_427' title='bbox 665 4251 774 4302; x_wconf 81' lang='lat' dir='ltr'>Adiectio</span> <span class='ocrx_word' id='word_1_428' title='bbox 784 4253 1136 4319; x_wconf 80' lang='lat' dir='ltr'>constantinopolitanacfidci.</span> 
     </span>
    </p>

    <p class='ocr_par' dir='ltr' id='par_1_6' title="bbox 232 4313 1038 4382">
     <span class='ocr_line' id='line_1_47' title="bbox 232 4313 1038 4382; baseline 0.007 -20"><span class='ocrx_word' id='word_1_429' title='bbox 232 4313 242 4342; x_wconf 78' lang='lat'>²</span> <span class='ocrx_word' id='word_1_430' title='bbox 260 4315 330 4364; x_wconf 91' lang='lat' dir='ltr'>Here</span> <span class='ocrx_word' id='word_1_431' title='bbox 341 4314 363 4363; x_wconf 92' lang='lat' dir='ltr'>is</span> <span class='ocrx_word' id='word_1_432' title='bbox 373 4314 458 4364; x_wconf 85' lang='lat' dir='ltr'>added</span> <span class='ocrx_word' id='word_1_433' title='bbox 468 4314 496 4363; x_wconf 92' lang='lat' dir='ltr'>in</span> <span class='ocrx_word' id='word_1_434' title='bbox 506 4315 550 4365; x_wconf 91' lang='lat' dir='ltr'>the</span> <span class='ocrx_word' id='word_1_435' title='bbox 561 4317 659 4380; x_wconf 84' lang='lat' dir='ltr'>margin</span> <span class='ocrx_word' id='word_1_436' title='bbox 675 4319 746 4367; x_wconf 86' lang='lat' dir='ltr'>Tunc</span> <span class='ocrx_word' id='word_1_437' title='bbox 755 4319 822 4367; x_wconf 79' lang='lat' dir='ltr'>dt&#39;cot</span> <span class='ocrx_word' id='word_1_438' title='bbox 832 4320 1038 4382; x_wconf 80' lang='lat' dir='ltr'>metropolitanus.</span> 
     </span>
    </p>

    <p class='ocr_par' dir='ltr' id='par_1_7' title="bbox 232 4376 1409 4447">
     <span class='ocr_line' id='line_1_48' title="bbox 232 4376 1409 4447; baseline 0.006 -19"><span class='ocrx_word' id='word_1_439' title='bbox 232 4376 243 4406; x_wconf 82' lang='lat'>⁸</span> <span class='ocrx_word' id='word_1_440' title='bbox 260 4381 366 4429; x_wconf 87' lang='lat' dir='ltr'>Altered</span> <span class='ocrx_word' id='word_1_441' title='bbox 377 4379 412 4443; x_wconf 94' lang='lat' dir='ltr'>by</span> <span class='ocrx_word' id='word_1_442' title='bbox 423 4395 440 4428; x_wconf 87' lang='lat' dir='ltr'>a</span> <span class='ocrx_word' id='word_1_443' title='bbox 450 4388 642 4445; x_wconf 88' lang='lat' dir='ltr'>contemporary</span> <span class='ocrx_word' id='word_1_444' title='bbox 655 4383 771 4447; x_wconf 85' lang='lat' dir='ltr'>(perhaps</span> <span class='ocrx_word' id='word_1_445' title='bbox 782 4383 825 4434; x_wconf 92' lang='lat' dir='ltr'>the</span> <span class='ocrx_word' id='word_1_446' title='bbox 836 4387 916 4444; x_wconf 90' lang='lat' dir='ltr'>same)</span> <span class='ocrx_word' id='word_1_447' title='bbox 928 4385 996 4434; x_wconf 81' lang='lat' dir='ltr'>hand</span> <span class='ocrx_word' id='word_1_448' title='bbox 1008 4393 1035 4433; x_wconf 91' lang='lat' dir='ltr'>to</span> <span class='ocrx_word' id='word_1_449' title='bbox 1046 4384 1234 4447; x_wconf 76' lang='lat' dir='ltr'>spurcissimos.</span> <span class='ocrx_word' id='word_1_450' title='bbox 1247 4420 1254 4434; x_wconf 87' lang='lat'>.</span> <span class='ocrx_word' id='word_1_451' title='bbox 1269 4421 1276 4434; x_wconf 89' lang='lat'>.</span> <span class='ocrx_word' id='word_1_452' title='bbox 1289 4385 1409 4436; x_wconf 85' lang='lat' dir='ltr'>latratus.</span> 
     </span>
    </p>

    <p class='ocr_par' dir='ltr' id='par_1_8' title="bbox 199 4443 1412 4578">
     <span class='ocr_line' id='line_1_49' title="bbox 232 4443 1412 4514; baseline 0.007 -22"><span class='ocrx_word' id='word_1_453' title='bbox 232 4443 242 4470; x_wconf 88' lang='lat'><strong>⁴</strong></span> <span class='ocrx_word' id='word_1_454' title='bbox 259 4445 290 4493; x_wconf 91' lang='lat' dir='ltr'>In</span> <span class='ocrx_word' id='word_1_455' title='bbox 301 4445 344 4495; x_wconf 92' lang='lat' dir='ltr'>the</span> <span class='ocrx_word' id='word_1_456' title='bbox 355 4444 452 4508; x_wconf 87' lang='lat' dir='ltr'>margin</span> <span class='ocrx_word' id='word_1_457' title='bbox 464 4444 486 4494; x_wconf 88' lang='lat' dir='ltr'>is</span> <span class='ocrx_word' id='word_1_458' title='bbox 498 4446 575 4495; x_wconf 89' lang='lat' dir='ltr'>noted</span> <span class='ocrx_word' id='word_1_459' title='bbox 587 4446 707 4510; x_wconf 65' lang='lat' dir='ltr'>Prcffcssio</span> <span class='ocrx_word' id='word_1_460' title='bbox 717 4451 824 4512; x_wconf 76' lang='lat' dir='ltr'>corporis</span> <span class='ocrx_word' id='word_1_461' title='bbox 834 4456 857 4500; x_wconf 89' lang='lat' dir='ltr'>ct</span> <span class='ocrx_word' id='word_1_462' title='bbox 866 4452 999 4514; x_wconf 77' lang='lat' dir='ltr'>satrguiccis</span> <span class='ocrx_word' id='word_1_463' title='bbox 1014 4451 1111 4498; x_wconf 84' lang='lat' dir='ltr'>domini</span> <span class='ocrx_word' id='word_1_464' title='bbox 1119 4466 1135 4498; x_wconf 86' lang='lat' dir='ltr'>a</span> <span class='ocrx_word' id='word_1_465' title='bbox 1147 4451 1264 4500; x_wconf 76' lang='lat' dir='ltr'>maurilio</span> <span class='ocrx_word' id='word_1_466' title='bbox 1274 4451 1412 4500; x_wconf 73' lang='lat' dir='ltr'>unmobih‘</span> 
     </span>
     <span class='ocr_line' id='line_1_50' title="bbox 199 4511 805 4578; baseline 0.01 -20"><span class='ocrx_word' id='word_1_467' title='bbox 199 4511 373 4574; x_wconf 67' lang='lat' dir='ltr'>archiepicopo</span> <span class='ocrx_word' id='word_1_468' title='bbox 383 4511 491 4574; x_wconf 85' lang='lat' dir='ltr'>exposito</span> <span class='ocrx_word' id='word_1_469' title='bbox 501 4527 557 4558; x_wconf 85' lang='lat' dir='ltr'>cum</span> <span class='ocrx_word' id='word_1_470' title='bbox 569 4513 621 4560; x_wconf 88' lang='lat' dir='ltr'>suis</span> <span class='ocrx_word' id='word_1_471' title='bbox 632 4513 805 4578; x_wconf 63' lang='lat' dir='ltr'>suffraganeis.</span> 
     </span>
    </p>

    <p class='ocr_par' dir='ltr' id='par_1_9' title="bbox 232 4575 637 4628">
     <span class='ocr_line' id='line_1_51' title="bbox 232 4575 637 4628; baseline 0.012 -5"><span class='ocrx_word' id='word_1_472' title='bbox 232 4576 242 4602; x_wconf 83' lang='lat'>⁵</span> <span class='ocrx_word' id='word_1_473' title='bbox 263 4576 278 4623; x_wconf 94' lang='lat' dir='ltr'>l·</span> <span class='ocrx_word' id='word_1_474' title='bbox 295 4576 378 4626; x_wconf 89' lang='lat' dir='ltr'>added</span> <span class='ocrx_word' id='word_1_475' title='bbox 390 4575 471 4625; x_wconf 91' lang='lat' dir='ltr'>above</span> <span class='ocrx_word' id='word_1_476' title='bbox 481 4576 533 4625; x_wconf 90' lang='lat' dir='ltr'>line</span> <span class='ocrx_word' id='word_1_477' title='bbox 544 4576 607 4626; x_wconf 87' lang='lat' dir='ltr'>after</span> <span class='ocrx_word' id='word_1_478' title='bbox 618 4593 637 4628; x_wconf 91' lang='lat' dir='ltr'>c.</span> 
     </span>
    </p>
   </div>
   <div class='ocr_carea' id='block_1_4' title="bbox 0 0 1692 5250">
    <p class='ocr_par' dir='ltr' id='par_1_10' title="bbox 0 0 1692 5250">
     <span class='ocr_line' id='line_1_52' title="bbox 0 0 1692 5250; baseline 0 0"><span class='ocrx_word' id='word_1_479' title='bbox 0 0 1692 5250; x_wconf 95' lang='lat' dir='ltr'> </span> 
     </span>
    </p>
   </div>
  </div>
 </body>
</html>
