3375 5250
285 371 332 424 132
643 354 854 407 ORDINATIO
874 352 1151 404 MONACHORUM

297 520 462 647 PResta
482 536 665 601 quesumus
686 516 824 580 domine
846 514 924 579 huic
946 512 1074 578 famulo
1093 523 1153 578 tuo
1176 512 1382 578 renuntianti
1404 530 1498 576 secu·

398 606 523 671 laribus
544 604 678 689 pompis
701 604 829 686 gratiae
852 610 933 667 tuae
955 601 1074 665 ianuas
1100 600 1221 683 aperiri
1237 650 1245 666 .
1261 600 1319 683 qui
1343 600 1500 683 dispecto

293 693 430 759 diabolo
462 689 614 774 confugit
648 690 712 754 sub
749 688 886 755 titulum
917 687 1055 753 christi.
1073 688 1152 753 iube
1174 688 1367 752 uenientem
1390 688 1434 751 ad
1465 697 1501 749 te

294 778 432 865 [sereno
447 778 543 844 uultu
567 777 690 861 suscipi
706 827 714 843 .
731 796 774 840 ne
792 796 834 841 eo
854 774 967 839 ualeat
986 774 1142 839 inimicus
1160 775 1280 840 trium·
1317 774 1388 858 [fol
1407 786 1500 854 152v.

294 868 397 949 phare
412 917 420 932 .
435 867 546 932 tribue
577 865 608 929 ci
641 862 852 946 infatigabile
886 862 1061 927 brachium
1094 861 1214 926 auxilii
1250 863 1300 927 tui
1321 912 1329 929 .
1351 870 1500 925 mentem

294 953 365 1019 eius
395 954 498 1018 lorica
527 951 604 1017 fidei
632 951 827 1017 circumda.
843 957 881 1013 ut
911 948 999 1013 felici
1024 968 1121 1013 muro
1147 949 1317 1016 uallatus.
1336 947 1502 1013 mundum

295 1060 332 1106 se
354 1041 501 1125 gaudeat
523 1039 672 1107 euasisse
687 1086 695 1103 .
710 1057 771 1121 per
792 1035 979 1101 domiuum.

855 1307 950 1373 Alia.

300 1444 396 1571 TU
417 1443 580 1510 famulum
596 1454 692 1509 tuum
708 1464 891 1527 quesumus
910 1442 1048 1508 domine
1065 1443 1163 1509 bonis
1183 1444 1333 1509 moribus
1353 1444 1507 1525 placatus

405 1532 544 1596 institue
558 1580 566 1599 .
582 1540 619 1597 tu
646 1532 680 1596 in
705 1552 747 1595 eo
776 1533 868 1614 quod
893 1531 955 1596 tibi
981 1530 1143 1615 placitum
1169 1540 1221 1596 est
1247 1532 1427 1615 dignanter
1456 1531 1507 1593 iu-

299 1618 421 1684 funde.
437 1627 471 1684 et
490 1628 604 1702 presta
624 1638 756 1703 semper
777 1619 821 1683 ad
841 1626 876 1683 te
898 1621 1091 1683 totocorde
1111 1638 1329 1685 concurrere.
1344 1618 1407 1682 tibi
1427 1617 1507 1681 sub-

299 1704 372 1770 dita
401 1714 515 1771 mente
546 1705 692 1771 seruire.
708 1715 802 1770 tuam
832 1705 1095 1774 misericordiam
1130 1706 1303 1771 humiliter
1332 1725 1502 1769 exorare.

299 1801 336 1857 ut
357 1792 480 1875 dignus
503 1792 547 1858 sit
569 1800 603 1857 et
625 1802 684 1856 tua
703 1791 865 1857 beneficia
887 1792 1001 1856 ualeat
1023 1792 1204 1875 promereri
1220 1843 1228 1860 .
1244 1812 1313 1876 per.

860 2069 953 2133 Item.

308 2220 444 2345 DEus
469 2218 526 2301 qui
557 2217 720 2282 famulum
747 2227 843 2284 tuum
868 2239 889 2283 a
912 2219 1038 2283 saeculi
1062 2221 1214 2286 uanitate
1239 2244 1439 2289 conuersum
1466 2227 1511 2290 ad

416 2324 579 2397 supernae
600 2306 786 2369 uocationis
807 2306 962 2370 accendis
980 2310 1288 2393 amorem.pectori
1311 2310 1400 2375 illius
1422 2313 1513 2394 puri-

304 2390 438 2457 ficando
472 2391 643 2456 inlabere.
659 2402 694 2456 et
723 2392 867 2475 gratiam
897 2413 966 2475 qua
996 2394 1030 2457 in
1060 2404 1095 2459 te
1125 2407 1315 2480 perseueret
1344 2397 1509 2464 infunde.

304 2488 341 2544 ut
370 2478 588 2563 protectionis
617 2488 696 2543 tuae
726 2480 876 2544 munitus
906 2479 1058 2546 auxillo.
1073 2484 1165 2565 quod
1196 2493 1230 2548 te
1257 2484 1407 2550 donante
1434 2506 1512 2568 pro·

304 2564 395 2632 misit
425 2564 564 2650 impleat
580 2614 588 2632 .
604 2576 638 2630 et
664 2586 745 2631 suae
771 2566 1004 2651 promissionis
1030 2579 1193 2634 executor
1220 2570 1358 2638 effectus
1375 2621 1383 2639 .
1400 2573 1444 2638 ad
1471 2594 1513 2639 ca

304 2673 392 2736 quae
413 2653 705 2737 perseuerantibus
729 2655 763 2718 in
788 2664 822 2720 te
849 2655 1008 2738 dignatus
1034 2676 1071 2719 es
1094 2657 1291 2739 promittere
1316 2661 1515 2745 pertingat.

304 2761 371 2823 per.

864 2936 958 3001 Alia.

308 3072 426 3198 [DA
449 3091 632 3154 quesumus
655 3071 793 3137 domine
814 3071 941 3137 famulo
960 3082 1019 3138 tuo
1034 3121 1042 3138 .
1059 3072 1116 3138 Nl
1131 3121 1140 3141 .
1155 3076 1331 3161 indulgen·
1354 3081 1424 3164 [fol.
1444 3099 1518 3165 153.

434 3159 516 3223 tiam
551 3179 688 3224 suorum
726 3159 949 3225 delictorum.
965 3161 1125 3243 quatinus
1158 3164 1201 3228 de
1234 3167 1392 3232 omnibus
1427 3190 1517 3254 quae

308 3243 433 3309 carnali
464 3245 688 3311 delectatione
717 3246 772 3310 uel
797 3247 903 3311 animi
930 3248 1134 3330 cogitatione
1149 3296 1158 3316 .
1173 3261 1276 3334 atque
1300 3275 1389 3320 uana
1418 3257 1521 3322 huius

308 3332 432 3396 saeculi
466 3333 651 3398 ambitione
688 3342 806 3398 contra
842 3334 1075 3400 rectitudinem
1111 3347 1247 3402 tuorum
1282 3352 1519 3426 preceptorum

308 3419 470 3503 perfecit.
488 3421 522 3482 in
554 3420 700 3503 presenti
730 3420 802 3484 uita
831 3441 1051 3504 perseuerans
1081 3423 1115 3487 in
1147 3429 1352 3492 monasterio
1383 3432 1516 3496 ueniam

310 3507 460 3589 accipere
483 3517 672 3574 mereatur.
690 3527 749 3590 per
771 3509 957 3572 dominum.

381 3777 472 3840 Tunc
488 3777 638 3860 erigatur
659 3776 700 3841 de
711 3776 923 3859 pauimento.
941 3789 1063 3864 stetque
1082 3783 1279 3852 inclinatus.
1294 3810 1456 3874 quousque

567 3863 691 3928 cuculla
713 3865 767 3928 lu's
787 3865 988 3931 orationibus
999 3870 1115 3953 suerit
1133 3882 1270 3937 sacratu

321 4013 454 4141 DEus
483 4013 649 4077 bonarum
677 4013 839 4078 uirtutum
867 4015 967 4079 dator
983 4063 992 4082 .
1009 4027 1043 4080 et
1066 4019 1217 4083 omnium
1248 4023 1519 4090 benedictionum

426 4100 538 4183 largus
558 4099 712 4166 infusor.
728 4101 854 4165 exaudi
877 4121 993 4183 preces
1016 4114 1169 4170 nostras.
1186 4117 1220 4171 et
1250 4108 1315 4173 hoc
1340 4113 1524 4177 uestimen-

313 4195 385 4250 tum
410 4190 501 4269 quod
524 4186 671 4251 famulus
693 4196 771 4251 tuus
795 4208 856 4269 pro
879 4193 1129 4255 conseruandae
1151 4196 1266 4276 regule
1288 4199 1387 4281 signo
1412 4221 1448 4264 se
1474 4201 1521 4264 ad

313 4273 520 4341 induendum
544 4274 699 4358 exposcit
715 4324 723 4341 .
739 4275 936 4343 benedicere
958 4286 994 4342 et
1015 4277 1224 4344 sanctificare
1244 4284 1415 4366 digneris.
1431 4307 1499 4370 per.

348 4418 355 4447 ¹
374 4421 430 4473 Tne
441 4421 494 4472 first
506 4423 588 4472 words
599 4421 628 4472 of
636 4421 686 4472 this
696 4439 786 4488 prayer
797 4439 839 4474 are
851 4423 951 4476 written
963 4425 1044 4488 twice,
1058 4443 1091 4477 ou
1102 4427 1148 4479 fol.
1163 4439 1235 4496 152v.
1247 4433 1300 4483 and
1311 4451 1344 4484 on
1355 4435 1401 4486 fol.
1417 4447 1472 4501 153.
