3375 5250
410 396 466 444 DE
487 396 617 445 SACRIS
639 396 849 446 ORDINIBUS
869 395 1173 446 BENEDICENDIS.
1353 403 1397 441 121

188 561 325 624 rationis
355 560 485 643 ignari.
502 560 599 624 huius
630 562 735 624 uitam
754 569 923 643 quantum
951 580 1129 643 possumus
1152 558 1393 621 aestimamus.

189 656 221 709 te
249 656 361 711 autem
391 648 529 711 domine
551 668 591 711 ea
613 668 700 730 quae
726 660 805 712 sunt
831 649 928 711 nobis
959 650 1076 728 ignota
1103 665 1170 709 non
1195 653 1390 708 transeunt.

188 748 221 796 te
243 735 375 797 occulta
398 754 464 798 non
488 734 609 798 fallunt
631 744 668 798 tu
692 737 843 818 cognitor
866 756 902 798 es
924 743 1150 798 secretorum.
1167 743 1204 796 tu
1227 740 1392 795 scrutator

187 841 222 883 es
245 822 396 885 cordium
413 868 420 883 .
437 832 475 885 tu
497 823 567 885 eius
591 821 697 886 uitam
721 822 857 886 caelesti
880 823 1006 905 poteris
1028 820 1223 884 examinare
1245 817 1392 881 iudicio.

187 927 254 989 quo
288 928 420 991 semper
453 908 605 990 preuales
639 918 674 972 et
709 910 858 973 admissa
895 917 1111 991 purgare.et
1142 926 1182 969 ea
1215 925 1281 988 que
1313 912 1392 967 sunt

186 996 318 1075 agenda
347 996 550 1060 concedere.
567 996 685 1060 emitte
707 996 741 1060 in
765 1017 842 1059 eum
867 995 1004 1059 domine
1026 1014 1207 1078 quesumus
1236 991 1390 1073 spiritum

184 1089 337 1146 sanctum
350 1131 357 1146 .
371 1103 439 1165 quo
458 1084 493 1146 in
511 1103 596 1164 opus
615 1084 787 1147 ministerii
806 1082 950 1147 fideliter
964 1082 1154 1163 exequendi
1168 1131 1175 1144 .
1188 1078 1390 1159 septiformis

182 1168 312 1250 gratiae
330 1189 465 1233 munere
486 1171 681 1235 roboretur.
697 1170 863 1235 Abundet
881 1171 914 1233 in
932 1191 972 1233 eo
988 1172 1091 1234 totius
1108 1170 1215 1231 forma
1230 1164 1363 1229 uirtutis
1380 1214 1387 1227 .

184 1258 364 1320 auctoritas
402 1258 579 1323 modesta.
603 1258 711 1338 pudor
747 1269 932 1322 constans.
955 1257 1145 1333 innocentie
1184 1255 1335 1335 puritas.
1355 1261 1389 1315 et

182 1343 340 1423 spiritalis
369 1344 560 1408 obseruatio
590 1345 808 1427 disciplinae.
826 1346 860 1407 in
885 1345 1033 1407 moribus
1056 1346 1127 1407 eius
1150 1349 1308 1424 precepta
1330 1348 1390 1401 tua

182 1430 357 1512 fulgeant.
377 1441 414 1496 ut
446 1451 524 1494 suae
556 1432 721 1495 castitatis
755 1432 914 1514 exemplo
948 1429 1185 1515 limitationem
1217 1426 1288 1511 [iol.
1317 1442 1387 1504 140.

179 1528 297 1580 sancta
334 1518 428 1600 plebs
466 1520 644 1600 adquirat.
661 1528 695 1583 et
732 1519 857 1583 bonum
896 1518 1120 1582 conscientiae
1156 1513 1387 1581 testimonium

179 1603 373 1685 proferens.
391 1608 424 1668 in
454 1606 578 1670 christo
610 1606 724 1670 firmus
755 1616 789 1670 et
820 1606 949 1669 stabilis
981 1613 1193 1687 perseueret.
1210 1602 1387 1685 dignisque

179 1692 386 1755 successibus
405 1693 447 1755 de
465 1693 609 1757 inferiori
631 1694 738 1775 gradu
762 1714 820 1776 per
840 1694 982 1775 gratiam
1000 1703 1093 1756 tuam
1112 1711 1231 1773 capere
1254 1688 1386 1771 potiora

181 1789 369 1843 mereatur.
386 1800 446 1862 per
469 1780 653 1844 dominum.

399 2032 514 2097 Oratio
528 2032 577 2097 od
590 2030 691 2097 stolas
705 2034 759 2098 nal
767 2034 919 2116 planetas
936 2032 1166 2097 benedicendas.

250 2185 319 2249 Eus
338 2185 482 2248 inuictae
500 2184 631 2249 uirtutis
649 2186 874 2268 triumphator
886 2236 892 2250 .
906 2195 940 2249 et
958 2185 1108 2250 omniurn
1127 2205 1236 2248 rerum
1256 2190 1385 2246 creator

292 2292 330 2335 ac
353 2270 601 2337 sanctificator.
618 2275 754 2337 intende
776 2273 940 2355 propitius
963 2294 1078 2355 preces
1097 2281 1250 2336 nostras.
1267 2278 1301 2333 et
1324 2270 1385 2331 has

177 2357 281 2421 stolas
303 2360 374 2422 siue
402 2360 554 2441 planetas
585 2360 736 2423 leuiticae
759 2381 798 2423 ac
820 2361 1037 2424 sacerdotalis
1067 2361 1193 2442 gloriae
1224 2356 1384 2420 ministris

175 2444 242 2509 tuis
266 2446 422 2510 fruendas
439 2493 446 2509 .
463 2456 522 2509 tuo
545 2448 680 2529 proprio
704 2466 761 2510 ore
784 2448 981 2511 benedicere
1005 2469 1044 2512 ac
1075 2444 1279 2511 sanctificare
1303 2463 1382 2507 con-

174 2552 369 2616 secrareque
392 2534 538 2615 digneris
555 2554 762 2615 ‚omnesque
785 2535 832 2598 eis
859 2543 1013 2600 utentes.
1033 2536 1166 2617 tuisque
1191 2531 1380 2597 ministeriis

176 2641 196 2682 a
217 2619 314 2684 nobis
337 2621 482 2703 indignis
505 2622 727 2686 consecratis.
745 2622 798 2686 uel
819 2623 1052 2687 consecrandis
1068 2673 1075 2688 .
1091 2636 1188 2706 aptos
1208 2630 1243 2684 et
1263 2617 1324 2685 tibi
1347 2619 1380 2680 in

174 2707 222 2769 eis
245 2708 368 2772 deuote
391 2718 425 2772 et
447 2709 636 2772 amabiliter
665 2711 849 2773 seruientes
866 2757 873 2772 .
889 2720 1004 2792 gratos
1034 2711 1161 2774 efficere
1191 2709 1378 2772 concedas.

173 2805 208 2857 et
231 2814 319 2858 nunc
343 2807 376 2860 et
399 2816 458 2877 per
480 2795 609 2860 infinita
632 2797 743 2860 secula
766 2797 962 2860 seculorum.
1008 2797 1131 2861 Amen.

172 3073 290 3137 Postea
317 3075 491 3158 inponatur
515 3077 597 3140 stola
626 3087 720 3159 snper
742 3075 914 3176 nonnarum
941 3077 1077 3140 locatae.
1092 3085 1124 3139 at
1151 3076 1281 3139 dzaatnr
1308 3071 1386 3135 hanc

717 3173 830 3228 aratro.

172 3296 260 3420 (IN
285 3299 422 3362 nomine
444 3307 580 3362 sanctae
603 3301 761 3364 trinitatis
784 3309 818 3364 et
837 3301 954 3365 unicae
972 3301 1182 3364 diuinitatis.
1200 3297 1269 3386 [iol.
1289 3315 1382 3377 14ov.

272 3386 387 3468 accipe
410 3386 531 3450 stolam
556 3407 656 3470 quarn
681 3389 741 3452 tibi
765 3389 922 3452 dominus
945 3409 1004 3470 per
1026 3388 1225 3450 humilitatis
1247 3397 1381 3449 nostrae

173 3472 372 3536 famulatum
397 3482 430 3536 et
454 3494 513 3555 per
536 3494 655 3538 manus
679 3484 811 3538 nostras
834 3474 1064 3558 accipiendam
1091 3474 1283 3557 preparauit
1298 3521 1305 3536 .
1322 3493 1381 3553 per

172 3581 272 3643 quam
296 3560 382 3623 scias
405 3561 569 3624 sarcinam
593 3563 721 3625 domini
745 3563 799 3626 dei
829 3564 878 3624 tui
902 3562 1085 3626 ceruicibus
1111 3565 1178 3626 tuis
1201 3561 1382 3643 inpositam

173 3656 207 3710 et
225 3647 451 3711 humilitatem
464 3696 471 3711 .
485 3657 586 3731 atque
606 3650 663 3712 inl
682 3649 1020 3713 amministrationem
1044 3659 1078 3713 te
1100 3669 1173 3712 esse
1192 3667 1380 3711 conexum.

171 3745 205 3798 et
236 3754 296 3816 per
326 3754 426 3816 quam
458 3745 491 3797 te
522 3745 726 3818 cognoscant
760 3736 878 3800 iratres
912 3737 961 3800 tui
977 3785 985 3801 .
1003 3737 1190 3799 ministrum
1222 3735 1277 3798 dei
1307 3754 1381 3797 esse

171 3821 388 3886 ordinatum.
406 3831 443 3884 ut
477 3821 533 3905 qui
566 3825 599 3886 in
635 3824 832 3888 diaconatus
866 3822 1050 3887 ministerio
1085 3843 1120 3886 es
1152 3823 1380 3886 constitutus.

171 3908 324 3972 leuiticae
346 3908 590 3972 benedictionis
620 3911 736 3974 ordine
766 3911 930 3973 clarescas
946 3959 954 3975 .
970 3920 1004 3974 et
1034 3911 1175 3993 spiritali
1206 3928 1381 3972 conuersa-

169 3996 262 4058 tione
303 3994 495 4077 prefulgens
510 4045 517 4058 .
535 3998 644 4078 gratia
687 3997 962 4060 sanctificationis
1004 3997 1135 4062 eluceas
1151 4048 1159 4061 .
1176 3997 1236 4060 sed
1274 4005 1308 4059 et
1347 3997 1381 4058 in

169 4082 294 4145 christo
335 4081 429 4144 ihesu
471 4083 602 4148 stabilis
639 4103 831 4168 perseueres
848 4132 855 4147 .
872 4103 911 4146 ac
955 4083 1093 4148 firmus.
1110 4094 1276 4166 quatenus
1317 4082 1381 4144 hoc

169 4171 260 4250 quod
299 4188 358 4250 per
395 4168 481 4232 hanc
518 4170 641 4235 stolam
680 4170 909 4255 significatur.
926 4172 959 4234 in
995 4172 1050 4234 die
1087 4172 1229 4236 districti
1268 4169 1381 4232 iudicii

170 4264 250 4320 ante
280 4255 426 4319 tribunal
457 4258 584 4320 domini
615 4261 686 4322 sine
724 4259 857 4322 macula
895 4260 1114 4341 representari
1152 4258 1266 4321 ualeas
1281 4305 1289 4322 .
1306 4259 1381 4338 ipso

170 4343 379 4406 auxiliante.
396 4343 449 4406 cui
472 4353 523 4408 est
546 4344 653 4409 honor
676 4355 709 4409 et
732 4346 838 4429 gloria
854 4393 863 4409 .
879 4347 914 4409 in
937 4346 1051 4410 secula
1073 4346 1270 4409 seculorum.

620 4481 628 4510 ²
646 4483 674 4530 in
686 4481 771 4532 added
782 4483 864 4533 above
875 4481 935 4532 line.
