3375 5250
582 434 839 484 CONSECRATIO
863 433 1002 483 CRUCIS.
1356 440 1400 490 107

182 595 320 659 domine
357 595 447 659 istud
479 596 687 677 signaculum
722 596 889 678 passionis
918 605 1053 673 tue.ut
1084 596 1128 659 sit
1158 594 1301 658 inimicis
1330 593 1398 656 tuis

183 681 396 747 obstaculum
413 731 421 747 .
437 691 471 746 et
491 684 702 747 credentibus
725 684 759 746 in
784 693 817 747 te
841 692 1040 766 perpetuum
1064 682 1185 766 perfice
1208 681 1397 745 uexillum.

183 771 241 852 qui
267 769 351 833 uiuis
375 780 409 834 et
432 789 551 853 regnas
575 772 667 834 deus

749 918 840 981 Alia.

191 1051 407 1189 Rogamus
449 1063 483 1117 te
524 1053 661 1117 domine
706 1065 821 1117 sancte
863 1063 960 1135 pater
1000 1053 1213 1155 omnipotens
1256 1052 1398 1130 eterne†

301 1141 403 1204 deus.
418 1150 454 1204 ut
477 1140 624 1222 digneris
648 1142 844 1205 benedicere
868 1142 932 1203 hoc
955 1141 1089 1223 signum
1113 1141 1220 1204 crucis
1243 1149 1345 1204 tuae.
1361 1150 1399 1203 ut

186 1230 231 1292 sit
268 1228 452 1291 remedium
491 1228 637 1292 salutare
675 1230 787 1309 generi
833 1228 1005 1293 humano.
1022 1229 1067 1290 sit
1104 1229 1256 1292 soliditas
1293 1226 1395 1290 fidei

185 1314 353 1397 profectus
391 1314 556 1378 bonorum
595 1334 757 1397 operum.
776 1316 964 1396 redemptio
1001 1316 1189 1378 animarum
1207 1362 1215 1379 .
1232 1314 1397 1396 protectio

185 1422 225 1465 ac
248 1403 355 1467 tutela
378 1411 495 1466 contra
518 1422 598 1466 seua
621 1402 728 1465 iacula
752 1403 964 1465 inimicorum
980 1450 987 1466 .
1004 1422 1064 1485 per
1087 1403 1272 1467 dominum.

189 1584 455 1713 OMnipotens
477 1585 637 1661 eternae†
621 1585 754 1661 †.deus
768 1596 864 1668 pater
880 1586 1007 1649 domini
1024 1586 1129 1650 nostri
1148 1587 1242 1651 ihesu
1262 1587 1397 1651 christi.

301 1684 338 1736 tu
357 1674 511 1737 conditor
533 1673 636 1736 caeli.
649 1674 803 1736 conditor
824 1674 1042 1755 angelorum
1054 1673 1104 1760 let
1126 1676 1212 1739 side·
1235 1673 1304 1758 [sol.
1326 1676 1402 1739 126.

188 1782 285 1826 rum
301 1771 337 1824 tu
370 1760 516 1825 fundasti
547 1770 669 1824 terram
700 1779 800 1843 super
830 1760 1050 1825 stabilitatem
1081 1782 1198 1825 suam.
1216 1773 1253 1825 tu
1278 1765 1397 1827 creasti

188 1870 278 1912 mare
294 1896 302 1912 .
318 1859 355 1912 tu
387 1849 477 1912 solus
504 1848 717 1930 omnipotens
746 1848 850 1912 deus.
867 1849 940 1911 sine
966 1849 1130 1930 principio
1153 1860 1186 1912 et
1213 1851 1284 1913 sine
1308 1848 1394 1913 fine.

187 1936 328 1999 benedic
358 1935 444 1998 hanc
474 1956 606 1999 crucem
638 1935 834 1998 fabricatam
867 1936 909 1998 ad
941 1936 1047 1999 instar
1076 1946 1109 1999 et
1139 1937 1184 1999 ad
1214 1937 1395 2019 imaginem

186 2025 294 2088 crucis
320 2023 355 2085 in
385 2043 452 2105 qua
475 2042 594 2105 passus
617 2032 668 2085 est
692 2022 779 2085 filius
802 2032 880 2085 tuus
905 2023 1096 2104 unigenitus
1120 2023 1231 2086 ihesus
1255 2025 1397 2087 christus

188 2131 249 2193 pro
287 2110 394 2174 salute
432 2110 572 2173 mundi.
589 2130 676 2193 quae
709 2117 781 2172 erat
811 2110 934 2172 diffusa
971 2130 1044 2173 rore
1074 2112 1209 2193 proprio
1225 2159 1232 2176 .
1248 2112 1397 2175 decorati

186 2198 358 2280 sanguinis
389 2196 482 2259 ihesu
513 2196 626 2260 christi
658 2197 715 2259 filii
746 2198 816 2259 tui.
835 2196 1070 2261 Benedicimus
1100 2206 1135 2260 et
1164 2218 1396 2262 consecramus

188 2286 286 2348 istam
317 2304 448 2348 crucem
479 2285 512 2346 in
544 2284 705 2347 honorem
745 2284 889 2346 nominis
920 2285 990 2348 tui.
1007 2296 1042 2348 et
1076 2286 1271 2349 memoriam
1303 2286 1396 2348 ihesu

187 2372 302 2435 christi
341 2370 399 2434 filii
438 2373 509 2435 tui.
527 2381 564 2434 ut
602 2372 645 2435 sit
683 2371 861 2434 benedicta
899 2381 933 2434 et
970 2382 1165 2436 consecrata
1202 2373 1285 2436 haec
1315 2394 1398 2436 crux

189 2460 276 2522 inter
314 2461 473 2542 mysteria
511 2457 739 2521 eclesiastica.
756 2458 790 2520 in
836 2459 971 2521 nomine
1015 2460 1198 2524 trinitatis.
1215 2460 1319 2543 patris
1364 2471 1397 2524 et

189 2544 270 2609 filii.
288 2556 321 2610 et
352 2547 488 2630 spiritus
515 2547 720 2629 sancti.qui
753 2546 835 2609 uiuit
864 2553 898 2608 et
928 2556 1047 2630 regnat
1074 2548 1256 2632 deuS.per
1285 2548 1399 2611 omnia

185 2634 297 2698 secula
320 2635 515 2699 seculorum.
561 2634 684 2698 Amen.

225 2840 293 2903 Htc
318 2849 504 2922 extergatur
526 2861 608 2904 arax
628 2841 723 2904 lintea
745 2849 778 2904 et
799 2841 975 2922 inponatur
995 2840 1139 2904 crisma.
1155 2840 1204 2904 ita
1225 2839 1362 2905 dicendo.

191 2974 437 3101 COnsecrare
460 2989 493 3043 et
517 2976 726 3043 sanctificare
750 2979 897 3061 digneris
920 2977 1057 3041 domine
1079 2980 1163 3042 deus
1185 2979 1399 3062 omnipotens

295 3065 381 3129 hanc
412 3087 568 3130 crucem.
583 3087 644 3148 per
677 3068 776 3130 istam
811 3067 1002 3129 unctionem
1041 3074 1075 3129 et
1112 3077 1261 3129 nostram
1298 3069 1399 3132 bene-

187 3153 371 3218 dictionem
396 3155 430 3215 in
453 3152 578 3218 christo
601 3152 694 3217 ihesu
718 3154 858 3217 domino
880 3162 1014 3216 nostro.
1028 3153 1085 3235 qui
1108 3164 1220 3218 tecum
1243 3155 1336 3218 uiuit
1453 3153 1457 3162 “

737 3357 860 3422 Oratio.

192 3493 722 3622 OMnipotenssempiternae't
706 3495 838 3571 't.deus
850 3515 906 3578 qur
919 3516 979 3578 per
990 3496 1118 3578 lignum
1129 3494 1262 3578 perdrto
1273 3496 1401 3559 mundo

297 3583 537 3665 redemptionis
560 3592 639 3646 tuae
661 3581 790 3664 lignum
813 3583 920 3646 crucis
942 3583 1201 3665 predestinasti.
1218 3603 1400 3665 quesumus

190 3683 227 3736 ut
257 3672 453 3735 benedicere
477 3667 638 3753 dilgneris
672 3669 735 3733 hoc
767 3671 931 3732 uexillum
962 3671 1180 3734 similitudine
1211 3670 1280 3753 [rol.
1309 3672 1398 3735 126v.

187 3760 295 3823 crucis
310 3768 389 3823 tuae
404 3757 574 3839 signatum
585 3806 592 3821 .
603 3766 638 3820 et
658 3758 814 3822 crismate
833 3758 867 3819 in
885 3755 998 3820 christi
1017 3759 1154 3821 nomine
1174 3766 1397 3840 perunctum.

189 3856 223 3910 et
260 3865 402 3928 prepara
439 3846 473 3907 in
511 3865 551 3907 ea
588 3845 654 3908 tuis
693 3842 847 3908 fidelibus
892 3845 1051 3908 uirtutem
1098 3846 1241 3908 inimicis
1285 3855 1398 3908 autem

188 3934 399 3998 obstaculum
416 3982 424 3997 .
441 3934 483 3996 ad
522 3933 715 4014 augendum
754 3932 880 4008 nomini
919 3942 979 3996 tuo
1017 3932 1225 3997 credentium
1260 3932 1398 3996 chorum

188 4021 312 4085 uirtute
334 4020 468 4084 caelesti
485 4071 492 4083 .
509 4039 576 4101 per.

744 4195 837 4260 Atta.

260 4321 331 4384 Eus
354 4321 407 4385 cui
423 4329 563 4385 cunctae
578 4320 742 4384 obediunt
758 4329 997 4384 creaturae.et
1019 4318 1133 4382 omnia
1156 4319 1190 4381 in
1213 4319 1318 4383 uerbo
1340 4329 1400 4383 tuo

303 4409 410 4474 iecisti
441 4409 474 4472 in
506 4408 671 4491 sapientia
688 4459 695 4472 .
711 4408 836 4491 quique
870 4409 972 4471 etiam
1007 4427 1067 4489 per
1100 4406 1228 4488 lignum
1263 4417 1399 4470 sanctae

187 4494 293 4562 crucis
316 4495 375 4559 filii
406 4496 455 4561 tui
485 4495 542 4580 pio
564 4515 626 4559 nos
649 4505 764 4559 cruore
787 4496 950 4559 redimere
973 4495 1132 4577 dignatus
1155 4514 1214 4559 es.
1231 4493 1399 4577 supplices
