3375 5250
297 410 332 465 ⁶4
691 411 747 459 DE
768 411 880 461 MISSA
901 411 1131 462 EPISCOPALI.

299 582 407 626 manus
427 612 436 628 .
456 588 535 645 aqua
568 570 699 628 casulam
732 577 875 645 spargat.
891 566 1012 629 Tertius
1041 579 1141 628 autem
1172 568 1299 629 acolitus
1328 586 1438 645 aquam
1466 566 1509 626 illi

300 645 538 710 ministraturus.
556 650 587 709 in
620 651 721 710 medio
745 651 875 709 duomm
901 650 1083 727 genuflectat
1107 649 1199 710 cum¹
1226 669 1294 711 eo.
1317 650 1411 725 Quod
1437 646 1509 709 ideo

299 726 339 785 ab
358 727 489 806 antiquis
510 732 644 808 patribus
661 732 815 791 decretum
831 731 940 791 fertur.
953 740 987 790 ut
1007 731 1143 807 pontifex
1162 732 1214 807 qui
1235 731 1378 808 celestem
1396 748 1506 807 panem

299 821 478 886 accepturus
506 822 551 871 est
567 832 604 873 ,a
635 822 754 872 terreno
782 830 862 888 pane
893 830 985 888 quem
1013 812 1074 871 iam
1101 831 1121 871 a
1147 809 1230 871 laicis
1257 810 1375 889 accepit
1399 830 1507 870 manus

299 888 431 951 lauando
445 904 609 970 expurget.
622 893 708 953 Lotis
728 903 829 952 autem
850 892 989 952 manibus
1008 905 1107 971 surgat
1128 892 1288 970 episcopus
1300 939 1308 954 .
1322 905 1356 952 ut
1376 890 1506 969 accipiat

297 969 467 1033 oblationes
485 995 503 1033 a
520 974 639 1034 duobus
658 973 830 1051 presbiteris
849 986 879 1032 et
897 974 1136 1033 diaconibus.et
1154 973 1195 1034 ab
1211 972 1352 1034 omnibus
1371 972 1505 1033 clericis.

300 1052 385 1127 Quas
414 1074 475 1115 non
506 1067 567 1114 tam
595 1066 713 1132 patrum
741 1054 878 1115 instituta
905 1055 1031 1115 iubent.
1048 1074 1139 1131 quam
1169 1054 1322 1131 proprium
1349 1052 1505 1115 arbitrium

299 1131 456 1196 immolare
486 1138 615 1198 suadet.
634 1138 717 1212 Quas
750 1155 820 1195 cum
849 1135 1000 1213 acceperit
1015 1180 1022 1193 .
1037 1146 1129 1214 atque
1163 1137 1301 1196 allaturi²
1329 1154 1506 1212 superposu-

299 1212 356 1274 erit
377 1262 383 1275 .
407 1230 585 1293 apportante
626 1218 682 1278 sibi
727 1217 941 1277 archidiacono
981 1216 1097 1277 oblatas
1139 1216 1171 1276 iu
1209 1216 1314 1293 patina
1357 1236 1376 1275 a
1420 1217 1505 1276 nullo

300 1294 489 1374 [immolatas
500 1298 646 1375 ‚accipiat
659 1320 696 1359 cx
710 1298 769 1357 illis
790 1311 937 1374 quantum
958 1296 1015 1358 sibi
1033 1299 1168 1358 sufficere
1182 1298 1339 1358 uideatur.
1354 1294 1417 1377 [fol
1434 1300 1503 1355 διν.

299 1388 329 1436 et
358 1378 431 1439 alias
454 1379 668 1440 archidiacono
692 1378 850 1439 restituat.
867 1397 942 1455 quas
965 1380 1017 1439 ille
1044 1379 1164 1439 custodi
1193 1381 1320 1457 ecclesie
1342 1379 1382 1437 ad
1403 1379 1504 1439 obser-

299 1461 431 1519 uandum
462 1461 660 1521 committat.
683 1460 776 1536 Igitur
811 1458 966 1520 oblatione
1001 1460 1085 1519 altari
1121 1460 1330 1537 superposita.
1350 1458 1502 1535 accipiens

297 1539 444 1601 diaconus
464 1544 587 1602 calicem
609 1544 654 1605 ab.
669 1541 883 1601 archidiacono
902 1561 991 1618 super
1011 1542 1103 1601 altare
1123 1541 1269 1602 continuo
1289 1551 1400 1618 ponat.
1414 1542 1503 1600 Tunc

299 1621 459 1699 episcopus
473 1622 658 1684 benedicens
679 1622 792 1683 hostias
806 1633 838 1683 et
857 1622 977 1683 dicens.
991 1622 1073 1683 Ueni
1091 1624 1294 1683 sanctificator
1307 1620 1501 1699 omnipotens

297 1714 401 1779 eterne
429 1704 504 1765 deus
519 1749 526 1762 .
541 1703 672 1765 benedic
699 1706 758 1764 hoc
783 1704 960 1764 sacrificium
985 1702 1040 1764 tibi
1067 1717 1278 1781 preparatum.
1294 1702 1347 1781 qui
1370 1703 1448 1762 uiuis
1471 1716 1503 1763 et

298 1802 404 1861 regnas
418 1784 448 1844 in
464 1787 565 1845 secula
581 1788 749 1846 seculorum
765 1833 772 1847 .
787 1797 945 1846 conuertat
960 1804 993 1845 se
1007 1796 1037 1845 et
1054 1796 1153 1844 sumat
1170 1783 1326 1845 incensum
1340 1803 1359 1843 a
1375 1785 1502 1845 custode

296 1865 446 1943 ecclesie.
463 1886 640 1944 ponensque
667 1867 699 1926 in
727 1867 888 1927 turibulum
918 1867 1023 1926 offerat
1037 1865 1118 1937 ,illud
1145 1864 1251 1925 altari.
1268 1869 1380 1942 detque
1406 1864 1501 1924 archi·

299 1945 458 2008 diacono.
479 1948 536 2008 llle
564 1967 637 2008 uero
665 1959 826 2025 postquam
861 1948 920 2006 hoc
949 1946 1209 2007 commendauerit
1242 1945 1375 2007 acolito.
1392 1956 1441 2006 eat
1469 1946 1501 2005 in

297 2028 398 2087 locum
421 2047 508 2088 suum
525 2076 532 2090 .
547 2028 661 2089 scilicet
682 2028 713 2087 in
736 2031 838 2089 medio
860 2030 1081 2089 diaconorum.
1095 2027 1147 2105 qui
1168 2046 1275 2087 omues
1295 2045 1396 2087 coram
1415 2025 1501 2086 altari

296 2120 376 2169 retro
400 2108 576 2187 episcopum
604 2128 657 2187 per
684 2122 795 2169 rectam
823 2111 935 2169 lineam
965 2120 1044 2169 stare
1071 2110 1206 2170 debent.
1226 2110 1315 2168 Tunc
1341 2108 1501 2185 episcopus

294 2190 378 2249 dicat
401 2192 443 2251 ad
470 2192 613 2269 populum
638 2209 822 2251 conuersus.
839 2192 932 2252 Orate
950 2209 1006 2267 pro
1026 2209 1099 2253 me.
1116 2192 1188 2249 Hoc
1207 2208 1279 2248 cum
1302 2187 1411 2249 dixerit
1432 2191 1501 2249 sub

294 2270 418 2331 diaconi
437 2284 508 2333 eant
527 2283 606 2332 retro
625 2273 736 2332 altare.
750 2283 780 2331 et
803 2272 843 2331 ibi
861 2283 975 2331 stantes
992 2270 1141 2331 cantaturi
1157 2280 1229 2330 sunt
1252 2290 1302 2331 xv.
1321 2269 1431 2347 gradus
1445 2317 1453 2332 .
1469 2282 1500 2330 et

293 2352 417 2413 diaconi
447 2372 550 2413 coram
576 2352 661 2411 altari
686 2351 841 2412 similiter.
858 2353 949 2429 Apud
974 2352 1120 2428 quosdam
1147 2362 1248 2411 autem
1273 2369 1344 2410 usus
1368 2350 1500 2411 obtinuit

296 2434 497 2495 subdiaconos
517 2434 548 2493 in
569 2436 662 2493 choro
682 2448 776 2493 stare.
789 2451 885 2509 usque
898 2434 973 2493 dum
989 2443 1109 2493 sanctus
1129 2442 1274 2493 canatur.
1286 2442 1316 2491 et
1336 2433 1395 2490 hoc
1412 2431 1499 2492 finito

293 2533 349 2575 eos
370 2534 473 2576 coram
493 2514 579 2574 altari
598 2526 678 2574 retro
698 2515 844 2574 diaconos
865 2514 979 2591 aliquot
999 2512 1141 2590 gradibus
1161 2513 1238 2573 infra
1264 2512 1428 2573 consistere
1444 2556 1452 2571 .
1466 2523 1497 2572 et

294 2606 369 2657 tunc
399 2608 480 2658 retro
514 2595 716 2657 subdiaconos
747 2594 889 2656 acolitum
930 2594 1063 2672 patinam
1100 2605 1131 2655 et
1167 2594 1297 2655 fistulam
1333 2594 1497 2654 habentem

296 2677 417 2738 inferius
440 2688 518 2738 stare
532 2721 539 2736 .
555 2679 635 2754 Ergo
662 2697 731 2736 cum
755 2677 871 2736 dictum
893 2676 981 2736 suerit
1002 2686 1122 2736 sanctus
1136 2720 1144 2735 .
1160 2679 1285 2735 ueniant
1311 2684 1372 2735 tres
1393 2674 1495 2735 acoliti

293 2779 404 2836 aquam
431 2758 607 2818 diaconibus
629 2758 843 2818 ministraturi.
860 2757 920 2833 Qui
945 2776 1015 2816 cum
1039 2756 1093 2816 loti
1114 2756 1242 2817 fuerint.
1260 2767 1291 2817 et
1311 2755 1496 2818 archidiaco-

294 2859 351 2900 nus
372 2859 441 2900 cum
460 2839 604 2917 episcopo
622 2838 747 2899 calicem
768 2839 933 2898 leuauerit.
950 2848 981 2898 et
1002 2837 1052 2897 ille
1072 2837 1181 2898 dixerit
1200 2857 1254 2915 per
1274 2835 1375 2897 omnia
1388 2839 1497 2898 secula

295 2922 464 2982 seculomm
479 2967 486 2980 .
502 2919 535 2979 iu
553 2919 703 2998 aliquibus
727 2919 802 2979 locis
827 2917 1061 2978 subdiaconibus
1082 2918 1112 2978 in
1138 2916 1267 2995 priorem
1288 2920 1390 2978 locum
1412 2932 1497 2979 eunt·

295 3003 362 3062 ibus
378 3050 385 3062 .
400 3001 521 3063 diaconi
543 3000 585 3060 ibi
613 3001 773 3078 persistunt
789 3047 796 3062 .
811 3018 907 3076 usque
932 2999 1003 3059 dum
1029 3001 1118 3060 Pater
1137 3012 1240 3060 noster
1262 2999 1431 3061 cantabitur
1445 3045 1453 3063 .
1465 3011 1496 3061 et

291 3083 336 3144 sic
351 3084 472 3143 demum
487 3101 593 3142 omues
607 3093 811 3142 reuertuntur.
822 3083 961 3158 Cumque
975 3081 1134 3158 episcopus
1149 3082 1239 3142 Pater
1251 3092 1355 3141 noster
1369 3081 1494 3142 finierit.

295 3163 447 3241 accipiens
468 3162 667 3223 subdiaconus
686 3162 819 3240 patinam
843 3163 882 3222 ab
904 3162 1033 3223 acolit0.
1047 3163 1151 3223 offerat
1172 3181 1239 3222 eam
1259 3162 1491 3223 archidiacono.

296 3247 352 3305 Ille
377 3256 476 3305 autem
501 3257 533 3304 ut
562 3243 719 3321 episcopus
748 3243 873 3304 dicat3.
891 3245 941 3303 Da
964 3241 1111 3320 propitius
1142 3262 1250 3320 pacem
1266 3288 1273 3305 .
1288 3243 1422 3320 patinam
1450 3244 1492 3303 illi

292 3326 550 3386 accommodans.
567 3326 722 3385 humerum
744 3325 807 3384 eius
828 3325 987 3385 osculetur.

335 3406 502 3484 Statimque
523 3404 667 3483 episcopo
691 3406 811 3466 dicente
831 3425 885 3482 per
909 3406 1011 3466 omnia
1035 3406 1137 3465 secula
1160 3404 1328 3464 seculomm
1344 3403 1493 3480 ‚accipiat

293 3487 565 3549 benedictionalem
590 3484 699 3545 librum
719 3497 750 3546 ct
771 3505 936 3547 conuersus
964 3486 1003 3546 ad
1031 3488 1177 3564 populum
1202 3485 1284 3544 dicat
1300 3530 1307 3542 .
1322 3485 1492 3545 Humiliate

292 3588 349 3630 uos
377 3569 417 3628 ad
441 3567 683 3628 benedictionem
700 3613 707 3627 .
723 3569 763 3628 Et
787 3571 868 3628 clero
894 3569 1095 3645 respondente
1128 3567 1188 3626 deo
1215 3565 1345 3642 gratias.
1362 3566 1492 3642 porrigat

294 3651 439 3727 episcopo
457 3650 564 3708 librum
576 3693 584 3707 .
597 3649 727 3726 Expleta
745 3660 845 3709 autem
865 3648 1098 3709 benedictione.
1110 3646 1235 3706 ueniens
1252 3649 1397 3722 presbiter
1415 3648 1493 3707 acci-

292 3733 354 3808 piat
377 3749 482 3807 pacem
505 3730 543 3788 ab
568 3731 733 3804 episcopo.
750 3729 877 3790 eandem
906 3732 1011 3807 ceteris
1038 3729 1213 3789 oblaturus.
1235 3727 1391 3788 Diaconus
1419 3747 1492 3788 uero

292 3830 413 3871 sumens
434 3810 560 3870 calicem
581 3822 612 3869 et
633 3810 768 3887 patinam
790 3809 940 3887 porrigat.
958 3829 1047 3887 quam
1068 3807 1118 3869 ille
1137 3809 1247 3869 acolito
1268 3809 1308 3868 ad
1327 3812 1492 3870 tenendum

293 3894 438 3968 prebeat.
455 3893 526 3966 Ipse
545 3902 645 3950 autem
667 3889 812 3950 diaconus
829 3902 936 3950 tenens
960 3891 1086 3950 calicem
1110 3900 1141 3950 et
1159 3890 1290 3949 fistulam
1307 3902 1402 3952 ,stet.
1419 3904 1491 3951 ante

289 3973 491 4049 episcopum.
508 3990 604 4049 usque
637 3972 709 4031 dum
740 3973 793 4031 et4
816 3970 960 4048 sanguine
994 3984 1025 4032 et
1056 3990 1181 4047 corpore
1214 3970 1316 4030 christi
1346 3984 1491 4048 quantum

293 4055 421 4113 uoluerit
458 4063 587 4111 sumat.
613 4062 644 4112 et
681 4051 726 4111 sic
760 4051 885 4111 calicem
927 4052 980 4112 et⁵
1016 4053 1146 4111 fistulam
1187 4051 1375 4114 subdiacono
1411 4073 1493 4112 com-

290 4135 412 4194 mendet
427 4179 434 4195 .
451 4135 521 4209 Quo
542 4133 676 4210 protinus
698 4135 728 4192 in
750 4132 901 4192 sinistrum
930 4152 1024 4194 comu
1056 4132 1156 4192 altaris
1184 4145 1348 4210 pergente.
1364 4134 1490 4194 acolitus

290 4217 331 4276 ibi
353 4234 422 4274 cum
447 4216 549 4291 patina
570 4233 670 4274 coram
691 4213 835 4292 episcopo
860 4215 1026 4275 consistat.
1043 4213 1202 4275 Presbiteri
1223 4234 1295 4276 uero
1316 4227 1347 4276 et
1370 4215 1491 4277 diaconi

285 4296 455 4357 osculando
476 4295 673 4373 episcopum.
690 4314 798 4373 corpus
826 4295 949 4356 christi⁶
972 4297 1010 4356 ab
1036 4315 1073 4356 eo
1101 4296 1239 4356 manibus
1265 4295 1438 4375 accipiant.
1458 4297 1490 4357 in

353 4412 360 4440 ¹
381 4412 491 4476 Perhaps
507 4411 547 4461 for
562 4428 652 4462 coram.
790 4412 801 4440 ²
818 4413 862 4476 leg.
880 4413 961 4463 altari.
1094 4412 1242 4463 'Mabillon
1253 4414 1326 4463 reads
1336 4415 1403 4464 da‘cat.

353 4478 362 4504 ⁴
380 4478 517 4528 Corrected
528 4477 562 4542 by
573 4494 589 4527 a
599 4479 650 4527 late
660 4477 728 4527 haud
740 4485 766 4526 to
777 4493 814 4526 ax.
948 4480 958 4506 ⁵
974 4494 1004 4527 sa
1014 4478 1113 4528 written
1123 4478 1190 4540 here,
1204 4479 1249 4528 but
1260 4481 1400 4544 expunged.

353 4542 363 4570 ⁸
380 4543 438 4594 MS.
452 4542 585 4608 originally
596 4545 694 4593 christo.
