3375 5250
216 1249 716 1417 [Benanicnonnmns
758 1269 978 1373 Ronnnn
1017 1269 1425 1403 Ancfflssnscon]

359 1645 565 1710 Incnnonn
587 1656 777 1710 caenum
800 1657 873 1707 nnn
895 1656 994 1707 Amo
1016 1656 1225 1710 oaeneon.
1282 1643 1352 1733 [fol.
1369 1665 1421 1729 4v.

388 1781 413 1845 I.
438 1780 634 1844 Benedictio
656 1781 690 1844 in
714 1780 830 1864 uigilia
853 1781 975 1844 natalis
997 1779 1121 1844 christi.

367 1867 413 1933 II.
436 1868 633 1932 Benedictio
656 1868 689 1930 in
713 1878 811 1933 nocte
834 1869 879 1932 ad
902 1868 1049 1932 missam.

345 1954 410 2019 III.
435 1955 632 2019 Benedictio
656 1955 689 2018 in
714 1956 822 2037 primo
845 1975 954 2020 mane.

328 2041 412 2107 1111.
437 2042 632 2106 Benedictio
655 2042 688 2105 in
712 2043 766 2105 die
789 2042 911 2106 natalis
934 2042 1056 2107 christi.

375 2129 414 2192 V.
440 2128 637 2193 Benedictio
659 2129 692 2192 in
716 2131 844 2193 octauis
868 2130 1004 2194 domini.

356 2216 415 2280 VI.
440 2216 635 2280 Benedictio
658 2215 691 2280 in
715 2217 885 2281 dominica
907 2217 926 2281 i.
950 2228 1026 2299 post
1049 2220 1160 2286 natale
1183 2221 1306 2286 christi.

331 2304 412 2368 VII.
436 2303 632 2368 Benedictio
656 2303 690 2367 in
715 2303 921 2387 theophania
943 2305 1082 2372 domini.

312 2391 412 2456 VIII.
436 2390 631 2455 Benedictio
654 2391 688 2454 in
711 2390 881 2455 dominica
903 2391 923 2456 i.
949 2402 1026 2474 post
1053 2394 1278 2478 epiphaniam.

351 2479 413 2543 IX.
438 2477 634 2542 Benedictio
658 2478 691 2541 in
715 2477 884 2542 dominica
906 2481 1062 2545 secunda.

372 2566 413 2631 X.
439 2565 634 2630 Benedictio
658 2565 691 2629 in
716 2565 884 2630 dominica
907 2566 1014 2632 tertia.

350 2654 411 2718 XI.
436 2654 632 2718 Benedictio
655 2653 689 2717 in
712 2654 882 2718 dominica
904 2663 1032 2737 quarta.

328 2742 410 2805 XII.
435 2740 632 2805 Benedictio
655 2740 688 2803 in
713 2740 882 2804 domInica
905 2741 1031 2823 quinta.

309 2828 410 2892 XIII.
435 2827 630 2892 Benedictio
653 2827 686 2890 in
709 2828 879 2892 dominica
901 2837 1008 2894 sexta.

287 2916 408 2979 XIIII.
434 2914 629 2979 Benedictio
652 2914 686 2978 in
709 2913 968 2999 septuagesima.

336 3002 409 3066 XV.
434 3002 630 3067 Benedictio
653 3002 685 3064 in
709 3002 931 3085 sexagesima.

312 3088 408 3154 XVI.
432 3090 629 3153 Benedictio
652 3089 686 3153 in
709 3089 996 3172 quinquagesima

293 3175 408 3240 XVII.
433 3176 629 3240 Benedictio
653 3176 802 3239 cinerum
826 3176 860 3239 in
885 3177 997 3260 capite
1022 3177 1145 3243 ieiunii.

270 3263 409 3329 XVIII.
432 3263 628 3328 Benedictio
651 3264 684 3326 in
709 3264 763 3327 die
788 3264 831 3326 ad
853 3262 997 3327 missam.

247 3350 402 3417 XVIIII.
427 3350 623 3415 Benedictio
648 3350 744 3413 initio
768 3350 814 3413 xl.

322 3438 401 3503 XX.
427 3438 620 3501 Benedictio
643 3437 677 3501 in
700 3436 869 3501 dominica
892 3437 924 3502 ii.

305 3524 403 3590 XXI.
428 3524 623 3589 Benedictio
645 3523 679 3586 in
703 3524 873 3588 dominica
895 3525 937 3587 iii.

230 3610 233 3615 ’
261 3613 402 3694 [XXII.
426 3612 623 3677 Benedictio
645 3611 815 3675 dominica
837 3621 957 3693 quarta
980 3613 1013 3675 in
1037 3613 1086 3677 xl.
1290 3614 1361 3698 [tot.
1380 3632 1406 3698 5.

263 3700 401 3765 XXIII.
425 3699 620 3763 Benedictio
644 3698 812 3761 dominica
836 3699 955 3780 quinta
977 3699 1010 3761 in
1033 3700 1080 3763 xl.

244 3786 403 3851 XXIIII.
426 3786 621 3850 Benedictio
644 3786 687 3849 ad
712 3805 822 3848 ramos
845 3785 1033 3867 palmarum
1056 3786 1346 3855 benedicendum.1

287 3873 397 3939 XXV.
423 3874 510 3938 Item
533 3872 605 3937 alia.
653 3872 739 3936 Item
755 3872 829 3936 alia.

266 3960 398 4025 XXVI.
422 3961 616 4025 Benedictio
639 3960 712 4044 ipso
734 3960 789 4024 die
810 3960 854 4023 ad
879 3959 1023 4024 missam.

242 4047 393 4112 XXVII.
418 4049 505 4112 Item
531 4047 596 4111 alia
620 4048 662 4110 de
684 4046 840 4128 passione
863 4047 986 4113 christi.

223 4135 395 4199 XXVIII.
421 4134 635 4201 Consecratio
659 4134 823 4197 crismatis
848 4142 882 4197 et
906 4134 970 4198 olei
995 4134 1028 4198 in
1053 4155 1158 4199 caena
1181 4134 1318 4201 domini.

201 4221 393 4288 XXVIIII.
416 4221 611 4286 Benedictio
635 4221 680 4283 ad
705 4222 903 4284 mandatum
927 4222 1000 4305 ipso
1025 4222 1087 4286 die.

279 4310 393 4375 XXX.
416 4309 613 4374 Benedictio
636 4308 669 4372 in
693 4308 836 4371 sabbato
861 4313 989 4374 sancto.

704 4458 712 4486 ¹
730 4458 773 4508 bd.
788 4457 847 4509 MS.

238 4540 395 4593 ROBERT.
