3375 5250
299 417 344 456 122
529 410 585 459 DE
606 410 737 459 SACRIS
759 410 971 460 oleonvlne's
990 411 1295 461 BENEDICENDIS.

397 597 517 663 Postea
539 598 654 663 tradat
672 600 705 663 ei
724 600 882 683 episcopus
902 610 1050 665 sanctorm
1072 602 1277 685 estangelium
1299 600 1415 665 dares.

301 724 469 850 ACcipe
499 727 590 791 istud
620 726 778 791 uolumen
808 729 998 829 euangelii.
1016 728 1090 812 lege
1119 739 1154 793 ct
1183 729 1364 812 intellege.
1381 738 1415 794 et
1438 727 1514 791 aliis

408 813 504 878 trade
521 861 529 879 .
546 824 580 878 et
602 824 639 878 tu
662 834 763 897 opere
786 816 945 898 adimple.

321 1030 538 1115 [Consecratio
560 1052 718 1095 manuum
741 1033 871 1096 diaconi
890 1030 932 1096 de
950 1030 1014 1096 oleo
1035 1041 1133 1114 atque
1158 1033 1319 1099 crismate.
1350 1033 1421 1119 [sol.
1441 1049 1514 1112 141.

362 1161 588 1226 Onsecrentur
618 1180 737 1225 manus
767 1162 830 1225 iste
860 1181 1041 1243 quesumus
1070 1160 1207 1226 domine
1229 1181 1289 1245 per
1307 1162 1409 1226 istam
1431 1182 1512 1225 unc-

404 1250 530 1312 tionem
568 1257 729 1330 tuamque
768 1248 1060 1312 benedictionem.
1077 1257 1115 1311 ut
1148 1269 1380 1333 quaecumque
1408 1249 1512 1313 bene·

302 1338 448 1402 dixerint
501 1336 679 1398 benedicta
734 1336 824 1400 sint.
840 1346 875 1399 et
928 1355 1160 1418 quaecumque
1203 1336 1512 1402 sanctificauerint.

303 1421 511 1488 sanctificata
534 1425 624 1487 sint.
643 1441 709 1503 per.

478 1620 595 1685 Oratio
615 1622 664 1685 ad
680 1621 971 1686 consummandum
992 1621 1182 1687 diaconatus
1198 1623 1345 1707 offia'um.

305 1749 534 1878 COmmune
557 1762 674 1816 uotum
698 1753 1116 1835 permaneat.communis
1137 1755 1246 1819 oratio
1268 1765 1513 1839 prosequatur.

406 1847 444 1903 ut
467 1838 520 1901 hic
548 1841 653 1903 totius
681 1840 840 1903 ecclesiae
871 1860 989 1922 praece
1015 1841 1073 1921 qui
1103 1840 1136 1903 in
1168 1842 1367 1907 diaconatus
1398 1843 1512 1907 minis·

302 1927 422 1990 terium
449 1937 666 2008 preparatur.
683 1936 717 1991 et
739 1928 893 1991 leuiticae
916 1927 1158 1991 benedictionis
1181 1929 1299 1992 ordine
1321 1929 1507 1994 clarescat.

302 2013 465 2096 spirituali
487 2015 742 2078 conuersatione
764 2015 975 2097 prefulgens.
989 2035 1049 2097 per
1070 2016 1214 2096 gratiam
1236 2016 1512 2082 sanctificationis

303 2103 457 2164 eluceat.
475 2120 542 2182 per.

821 2255 906 2319 Item
928 2255 1006 2320 alia.

376 2384 499 2451 Omine
522 2385 785 2465 sanctae†.spei
798 2432 805 2447 .
817 2384 894 2448 fidei
906 2433 913 2448 .
925 2384 1054 2466 gratiae
1072 2392 1106 2446 et
1129 2383 1340 2465 profectuum
1360 2405 1514 2449 munera-

422 2482 494 2535 tor.
512 2472 569 2554 qui
592 2472 624 2534 in
649 2470 848 2534 caelestibus
870 2481 905 2535 et
926 2472 1066 2534 terrenis
1097 2471 1288 2535 ministeriis
1318 2472 1512 2553 angelorum

306 2560 429 2644 ubique
452 2558 709 2642 dispositis.per
729 2559 842 2622 omnia
865 2557 1032 2621 elementa
1052 2556 1235 2622 uoluntatis
1256 2568 1334 2623 tuae
1355 2558 1515 2623 diffundis

306 2647 462 2712 effectum
478 2696 485 2710 .
503 2649 591 2710 hunc
629 2666 763 2729 quoque
800 2645 963 2709 famulum
1001 2657 1097 2710 tuum
1134 2646 1169 2709 ill
1185 2695 1193 2711 .
1209 2647 1345 2730 speciali
1390 2646 1512 2712 affectu

307 2735 426 2799 intueri
451 2733 616 2816 digneris.
629 2744 667 2798 ut
689 2733 755 2797 tuis
778 2731 962 2816 obsequilis
981 2733 1315 2814 expeditus.sanctis
1332 2733 1401 2817 [fol.
1422 2752 1512 2814 141v.

307 2823 466 2886 altaribus
511 2841 613 2904 purus
659 2822 810 2885 minister
846 2822 1028 2885 clarescat.
1045 2830 1080 2884 et
1124 2821 1335 2904 indulgentia
1379 2824 1512 2904 purior.

306 2911 412 2991 gradu
443 2928 558 2971 eorum
589 2927 673 2991 quos
703 2908 848 2991 apostoli
879 2909 928 2971 tui
959 2909 992 2971 in
1023 2909 1212 2989 septenario
1244 2929 1383 2976 numero
1414 2910 1514 2972 beato

306 2998 472 3079 stephano
494 2997 579 3058 duce
595 3044 603 3058 .
620 3004 722 3077 atque
747 2996 865 3078 spiritu
887 3008 1006 3059 sancto
1028 3007 1165 3058 auctore
1195 2995 1368 3078 elegerunt
1390 2997 1514 3078 dignus

307 3085 432 3148 existat
448 3131 455 3146 .
472 3092 506 3147 et
544 3082 722 3147 uirtutibus
761 3083 946 3147 uniuersis.
963 3082 1086 3166 quibus
1123 3082 1184 3145 tibi
1221 3083 1345 3146 seruire
1382 3093 1515 3164 oportet

306 3173 485 3236 instructus
508 3170 656 3252 polleat.
673 3191 732 3253 per
754 3171 938 3235 dominum.

510 3405 605 3471 Vim.
638 3406 1061 3474 GRAnuS.ORn1uAr10
1084 3417 1316 3468 sansonem.

305 3533 530 3662 PResbiter
551 3558 623 3600 curn
645 3537 842 3603 ordinatur.
858 3538 993 3621 episcopo
1012 3556 1085 3599 eum
1105 3534 1298 3599 benedicente
1309 3582 1316 3597 .
1327 3543 1361 3597 et
1381 3554 1516 3598 inanum

415 3635 509 3704 super
530 3636 626 3708 capnt
649 3627 718 3690 eins
732 3637 888 3708 ponente.
904 3626 1003 3689 etiam
1033 3644 1141 3687 ornnes
1161 3621 1335 3704 presbiteri
1363 3622 1422 3703 qui
1442 3632 1517 3702 pre-

306 3717 409 3773 sentes
443 3721 541 3775 sunt.
559 3733 678 3776 rnonns
712 3735 790 3777 suas
826 3716 920 3778 iroxta
956 3731 1092 3776 onannm
1128 3708 1262 3793 episcopi
1295 3720 1390 3790 snper
1426 3708 1518 3771 illius

299 3806 429 3877 ponant
448 3809 549 3881 capnt.

581 3972 697 4036 Oratio
718 3971 766 4035 oa'
784 3971 1005 4037 ordinandum
1021 3941 1275 4053 presbiterumi'

382 4100 510 4164 Remus
540 4102 748 4166 dilectissimi
771 4104 873 4167 deum
896 4111 1027 4185 patrem
1050 4098 1340 4179 omnipotentem.
1357 4104 1395 4158 ut
1418 4114 1518 4177 super

423 4189 511 4251 hunc
534 4188 698 4253 famulum
720 4209 953 4272 suum.quem
976 4192 1020 4252 ad
1043 4185 1229 4270 presbiterii
1252 4202 1373 4247 munus
1396 4183 1517 4264 elegit.

308 4275 467 4342 caelestia
489 4277 580 4340 dona
602 4276 801 4360 multiplicet
817 4327 824 4342 .
840 4290 875 4340 et
905 4278 962 4360 qui
992 4274 1063 4338 eius
1093 4273 1324 4355 dignationem
1356 4269 1516 4352 suscipit.

308 4366 378 4429 eius
402 4373 607 4446 exsequatur
628 4364 814 4429 auxilium.
831 4384 899 4448 per.

544 4499 552 4528 ¹
572 4500 655 4549 Plural
668 4500 745 4550 forms
756 4517 798 4550 are
810 4499 946 4551 interlined
958 4498 1112 4563 throughout
1124 4493 1174 4544 this
1185 4492 1288 4544 service.
