3375 5250
307 416 354 469 162
429 416 640 468 ORDINAYIO
661 414 838 467 EPISCOPI
854 414 1090 467 PROVINCIAE
1110 415 1409 467 ROTOMAGENSIS.

651 1174 715 1259 [De
736 1176 974 1240 Onnrusrroun
995 1174 1191 1257 Errscor1.]¹

351 1349 406 1422 [Iu
426 1365 483 1407 nro
499 1363 734 1409 onorunrrours
753 1364 896 1409 rrrscoer
908 1350 1247 1425 .Manissimepulsnur
1258 1354 1359 1407 etcan-
1374 1342 1439 1427 [fol.
1451 1345 1521 1404 188.

310 1436 387 1488 tetur
399 1430 596 1507 prima.post
612 1429 731 1505 quant
740 1438 825 1489 eatur
843 1433 886 1489 ad
903 1432 1061 1509 capitulum
1076 1476 1084 1492 .
1100 1430 1193 1506 ibique
1213 1449 1234 1488 a
1250 1432 1369 1489 decano.
1380 1426 1528 1487 archidia-

310 1528 395 1570 cono.
411 1518 524 1571 cantore
539 1518 568 1569 et
578 1511 745 1570 cancellario
756 1554 763 1569 .
775 1512 949 1572 ordinentur
959 1514 1012 1587 qui
1025 1513 1125 1571 debent
1133 1513 1283 1587 procedere
1294 1510 1440 1569 ministri.
1449 1509 1530 1567 siout

309 1593 341 1651 in
355 1592 512 1652 maioribus
526 1610 586 1651 mos
598 1591 872 1667 estfestiuitatibus.
882 1594 935 1651 boc
944 1600 988 1651 est
998 1594 1040 1652 ic.
1050 1594 1147 1652 acolin‘
1158 1611 1221 1651 cum
1235 1592 1390 1651 turibulis.
1401 1590 1444 1650 ii0.
1459 1592 1526 1648 sub-

310 1673 423 1732 diaconi
439 1692 502 1733 cnm
523 1673 651 1733 omnbus
662 1720 668 1733 .
681 1673 730 1734 mi.
747 1674 846 1733 aeolin‘
857 1692 921 1732 curn
939 1675 1116 1733 candelabris
1133 1681 1162 1733 et
1176 1674 1275 1733 cereis.
1286 1672 1338 1732 oii.
1356 1671 1526 1731 subdiaconi

310 1772 373 1813 cum
387 1754 598 1830 euangeliorum
619 1754 718 1815 libris.
728 1756 780 1815 oii.
795 1756 910 1814 diaconi
921 1774 985 1814 acm
995 1756 1102 1814 sanctis
1115 1755 1244 1830 reliqniis
1253 1800 1261 1815 .
1270 1752 1361 1813 xiim.
1373 1752 1529 1828 presbiteri

309 1835 406 1893 induti
416 1836 545 1911 planetis
560 1879 566 1893 .
581 1835 714 1895 Acolitus
733 1835 856 1895 indutus
877 1836 981 1912 podere
1001 1855 1065 1895 cum
1090 1838 1204 1895 uasculo
1227 1854 1314 1895 aureo
1334 1834 1525 1893 chrismatos.

313 1916 413 1974 Tereia
427 1918 564 1991 pulsetur
577 1922 770 1991 temporanee.
785 1924 814 1975 et
827 1917 941 1977 interim
956 1924 1093 1993 preparet
1111 1937 1140 1976 se
1159 1919 1284 1975 domnus
1300 1915 1526 1991 archiepiscopus

310 1998 453 2056 sandaliis
470 2004 499 2056 et
514 1997 609 2057 ceteris
626 1998 757 2056 omnibns
775 2016 864 2074 usque
879 2000 922 2057 ad
936 2000 1120 2058 dalmaticam
1137 2044 1145 2059 .
1164 2000 1246 2058 Tunc
1259 1998 1395 2056 induitur
1408 2003 1525 2071 cappa.

308 2084 336 2137 et
360 2084 452 2137 tenens
478 2079 609 2137 baculum
629 2080 805 2156 pastoralem
833 2081 866 2137 in
893 2079 1016 2140 aranu!
1022 2081 1152 2155 procedit
1176 2099 1191 2138 e
1214 2080 1343 2138 sacram'o
1357 2124 1366 2139 .
1381 2077 1529 2137 Similiter

311 2177 405 2218 omnes
424 2159 543 2235 episcopi
560 2166 665 2218 exeant
682 2160 798 2219 induti.
814 2161 882 2237 lpse
904 2168 999 2219 autern
1023 2161 1123 2219 electus
1146 2162 1262 2219 necdum
1285 2162 1432 2219 induatur
1452 2176 1525 2215 san-

283 2266 284 2269 *
310 2241 414 2301 doliis.
428 2243 479 2298 sed
493 2247 606 2299 tantum
626 2241 693 2299 alba
708 2248 736 2300 et
751 2242 878 2300 stola.et
891 2250 999 2318 cappa.
1011 2243 1153 2318 necferat
1168 2242 1299 2301 baculum
1311 2288 1318 2302 .
1328 2242 1381 2300 sed
1391 2244 1529 2316 ponatur

310 2329 397 2396 super
415 2322 509 2381 altore
528 2340 591 2381 cnm
615 2324 725 2381 anulo.
742 2322 899 2398 usquedum
921 2330 1096 2382 coorsecratus
1117 2324 1238 2399 accipiat
1257 2324 1292 2381 de
1315 2339 1406 2381 manu
1430 2321 1527 2379 arclei-

310 2403 458 2477 episcopi.
488 2403 628 2462 Venientes
661 2409 755 2461 autern
792 2403 824 2461 in
856 2405 968 2471 eeclesia
994 2411 1151 2480 ponantur
1183 2406 1259 2462 sedes
1290 2404 1333 2462 ita
1353 2448 1361 2465 .
1383 2403 1527 2461 Domnus

310 2485 545 2559 metropolitanus
578 2484 682 2543 sedebit
712 2502 792 2543 uerso
821 2484 907 2544 dorso
938 2487 981 2544 ad
1009 2488 1102 2544 altare
1115 2532 1122 2546 .
1137 2485 1248 2545 Sedilia
1275 2503 1341 2543 uero
1370 2490 1525 2542 ceterorum

309 2564 500 2641 episcoporum
516 2610 523 2627 .
531 2572 687 2641 ponantur
718 2574 784 2623 ante
816 2567 909 2624 oculos
943 2566 1151 2643 metropolitani
1164 2611 1172 2627 .
1186 2568 1261 2626 sedes
1297 2571 1392 2623 autern
1428 2566 1525 2641 ipsius

311 2647 386 2705 electi
400 2655 533 2722 ponatur
557 2649 589 2706 in
613 2648 722 2707 medio.
739 2666 795 2706 non
819 2654 915 2708 tamen
940 2651 983 2707 ad
1007 2648 1104 2707 maius
1130 2649 1243 2708 altare.
1263 2647 1524 2722 Comprouina'oles

311 2735 406 2786 autem
446 2729 565 2804 episcopi
585 2772 592 2786 .
614 2727 739 2804 ‹ffirarn
773 2729 886 2787 ramim
924 2731 1028 2788 domno
1065 2731 1277 2804 nutropolitano
1315 2729 1363 2786 lrr's
1399 2729 1495 2786 uerbis
1509 2749 1523 2796 ,·

312 2809 492 2868 Reuerendo
531 2818 616 2886 pater
632 2852 638 2866 .
653 2809 784 2885 postulat
824 2820 929 2870 sancta
973 2819 1069 2870 mater
1109 2810 1256 2870 aecclesia
1271 2850 1279 2867 .
1293 2809 1324 2868 N
1338 2853 1346 2870 .
1362 2818 1396 2868 ut
1439 2808 1522 2868 hunc

311 2899 482 2966 presentem
504 2888 700 2967 presbiterum
721 2891 761 2950 ad
782 2908 858 2950 onus
879 2889 1070 2969 episcopatus
1090 2891 1253 2952 subleuetis
1267 2933 1276 2948 .
1290 2892 1338 2948 Et
1354 2892 1524 2967 respondeat

312 2969 669 3046 normannensis
704 2970 788 3030 illum
819 2970 946 3048 dignum
983 2974 1075 3032 esse?
1102 2973 1149 3032 Et
1182 2973 1301 3048 episcopi
1315 3015 1323 3029 .
1337 2970 1476 3032 Scimus.
1491 2981 1522 3032 et

312 3051 461 3111 credimus
481 3051 563 3110 illum
583 3070 648 3112 esse
669 3051 793 3128 dignum
808 3096 815 3110 .
830 3062 976 3129 quantum
997 3054 1130 3113 humana
1152 3053 1294 3130 fragilitas
1316 3051 1386 3112 sinit
1408 3066 1521 3113 nosse.

312 3134 360 3192 Et
376 3135 563 3209 respondeant
579 3153 690 3194 omms.
705 3135 773 3193 Deo
792 3133 923 3210 gratias.
943 3136 974 3194 T
967 3153 1025 3193 unc
1043 3137 1276 3210 metropolitanus
1298 3136 1341 3192 ad
1358 3134 1519 3210 episcopos.

313 3213 478 3275 Audiamus
499 3214 524 3274 si
548 3215 646 3290 placet
667 3213 740 3291 quid
765 3213 804 3273 de
827 3224 912 3274 tanta
937 3216 1164 3276 consecratione
1187 3214 1284 3275 sancti
1307 3223 1405 3292 patres
1429 3225 1521 3274 statu-

313 3296 411 3355 erint.
429 3297 513 3354 Tunc
540 3297 724 3355 cancellarius
754 3297 829 3372 legat
856 3297 1007 3355 distincte²
1029 3303 1124 3372 aperte
1145 3297 1190 3355 ad
1213 3297 1426 3371 intellegendum
1453 3297 1526 3355 baec

312 3380 418 3436 decreta
432 3421 439 3438 .
455 3379 549 3436 decens
564 3377 664 3437 .2Iube
693 3375 815 3436 dominc
847 3377 1027 3438 benedicere
1043 3422 1051 3437 .
1065 3378 1113 3436 Et
1143 3379 1266 3436 domnus
1280 3421 1288 3434 .
1304 3375 1457 3454 Quicquid
1488 3377 1522 3435 in

312 3459 400 3518 nobis
433 3459 543 3518 christo
575 3457 713 3534 displicet
728 3503 735 3519 .
750 3458 810 3517 hoc
837 3468 958 3518 sanctus
990 3456 1110 3535 spiritus
1142 3458 1286 3518 emundet
1301 3503 1308 3516 .
1322 3458 1377 3516 Ex
1408 3456 1526 3518 daretis

313 3539 435 3599 anacleti
452 3549 530 3618 pape
543 3582 550 3597 .
565 3539 727 3599 Anacletus
752 3537 911 3616 episcopus
935 3539 1082 3599 uniuersis
1105 3539 1254 3617 episcopis
1282 3539 1314 3597 in
1341 3538 1424 3598 italia
1451 3557 1523 3598 con-

312 3619 443 3681 stitutis.
463 3621 545 3680 Tunc
583 3621 815 3696 metropolitanus
855 3623 899 3679 ad
935 3623 1047 3680 electum
1063 3618 1205 3680 ,Audisti
1245 3618 1400 3679 karissime
1435 3622 1520 3698 quod

314 3701 438 3777 antiqua
453 3712 624 3761 sanctorum
642 3709 761 3779 patrum
780 3699 927 3761 institutio
945 3700 1036 3762 docet
1051 3745 1058 3760 .
1073 3710 1103 3762 et
1120 3700 1270 3779 precipit.
1286 3711 1321 3760 ut
1344 3697 1406 3781 [fol.
1424 3704 1514 3762 188v.

313 3780 381 3840 his3
405 3781 456 3859 qui
490 3783 529 3842 ad
564 3783 700 3842 ordinem
732 3781 923 3858 episcopatus
954 3781 1070 3860 eligitur
1086 3781 1236 3844 ,maxime
1267 3790 1300 3842 ut
1329 3780 1456 3859 legimus
1487 3783 1521 3844 in

313 3880 430 3922 canone
453 3861 654 3939 kartaginensi
668 3907 676 3924 .
690 3873 780 3922 antea
798 3862 1024 3940 diligentissime
1044 3862 1229 3924 examinetur
1253 3883 1322 3922 cum
1342 3863 1426 3923 omni
1445 3863 1524 3924 kari·

312 3952 373 4003 tate
388 3987 395 4001 .
408 3944 446 4004 de
466 3943 526 4003 fide
550 3954 652 4021 sancte
676 3942 835 4004 trinitatis.
851 3955 881 4004 et
904 3945 1100 4022 interrogetur
1122 3946 1163 4005 de
1186 3943 1311 4004 diuersis
1334 3944 1453 4005 causis,
1469 3949 1521 4007 uel

312 4023 445 4085 moribus
468 4024 520 4102 qui
541 4023 611 4084 huic
632 4025 769 4102 regimini
785 4037 975 4102 congruunt.
993 4038 1023 4086 ct
1039 4045 1097 4103 que
1115 4027 1284 4086 necessaria
1302 4035 1371 4084 sunt
1392 4024 1523 4088 retinere

312 4106 479 4166 secundum
508 4104 637 4182 apostoli
660 4105 793 4166 dictum.
812 4108 922 4166 Manus
948 4106 1084 4166 nemini4
1110 4105 1287 4185 imposueris
1302 4151 1310 4166 .
1325 4116 1356 4166 et
1375 4116 1409 4166 ut
1429 4108 1522 4168 etiam

311 4186 338 4247 is
369 4185 421 4264 qui
452 4197 498 4247 est
528 4185 712 4247 ordinandus
742 4197 831 4247 antea
861 4187 1033 4250 erudiatur.
1050 4187 1177 4265 qualiter
1205 4189 1261 4249 sub
1288 4189 1349 4248 hoc
1375 4185 1520 4264 regimine

346 4335 355 4365 ¹
373 4335 436 4386 Tuis
456 4336 550 4386 section
567 4336 597 4386 of
612 4335 655 4385 the
670 4335 729 4386 MS.
748 4335 769 4385 is
787 4351 820 4386 an
836 4335 962 4395 addition,
981 4336 1106 4401 probably
1123 4336 1153 4385 of
1168 4336 1211 4386 the
1230 4334 1289 4386 11th
1304 4341 1415 4397 century.
1456 4334 1483 4385 It
1501 4335 1525 4386 is

312 4401 461 4468 apparently
477 4401 596 4452 intended
615 4408 643 4450 to
663 4401 822 4467 supplement
841 4401 885 4452 the
907 4402 974 4452 Ordo
988 4402 1018 4452 oi
1028 4402 1082 4452 iolL
1102 4411 1265 4464 144v.-150v.
1279 4400 1314 4464 by
1326 4399 1453 4449 additions
1469 4402 1522 4450 and

311 4467 486 4517 substitutions
497 4467 618 4532 adaptiug
634 4466 655 4516 it
672 4475 698 4517 to
716 4466 759 4517 the
774 4483 818 4516 use
835 4467 865 4516 of
878 4466 921 4517 the
939 4468 1060 4517 Provinoe
1077 4467 1106 4517 of
1120 4468 1219 4518 Rouen.

344 4532 544 4582 'etinterlined
742 4531 985 4584 ³Thelrhasbeen
997 4532 1090 4584 erased.
1261 4528 1485 4582 *meintertineu
