3375 5250
607 402 924 453 BENEDICTIONES
942 403 1202 454 EPISCOPALES.

633 1116 912 1197 [Brusmcsrosrs
934 1121 1174 1201 Errscoranes]

538 1280 762 1359 [Benedictiones
782 1279 814 1338 in
826 1280 994 1355 praecipuis
1006 1279 1096 1354 festis
1115 1281 1271 1360 dicendae]

339 1440 539 1523 ¹sBenedicat
560 1460 616 1501 uos
641 1440 833 1519 omnipotens
862 1441 1027 1502 dominus.
1043 1441 1095 1519 qui
1126 1443 1158 1503 in
1186 1444 1334 1524 principio
1357 1444 1421 1528 [iol.
1438 1451 1508 1525 185.

296 1534 406 1585 cuncta
426 1543 465 1583 ex
484 1522 597 1583 nichilo
618 1521 777 1584 condidit.
794 1532 825 1584 et
845 1522 917 1583 fidei
931 1570 939 1584 .
955 1524 1020 1598 spei
1032 1569 1040 1585 .
1052 1535 1083 1584 et
1103 1523 1238 1586 karitatis
1258 1528 1354 1605 gratia
1381 1529 1507 1606 repleat

340 1604 505 1665 Benedicat
532 1622 587 1663 uos
615 1602 718 1664 ihesus
745 1604 874 1665 christus
901 1604 1042 1665 dominus
1062 1616 1164 1666 noster
1179 1653 1187 1668 .
1200 1607 1254 1685 qui
1281 1609 1415 1685 pretioso
1437 1630 1510 1669 san·

295 1687 386 1765 guine
414 1702 469 1745 suo
493 1703 588 1763 genus
614 1684 743 1746 redemit
775 1686 965 1746 humanum.
981 1695 1012 1746 et
1043 1686 1163 1764 celestis
1194 1688 1290 1767 patrie
1323 1690 1510 1751 habitatores

296 1767 414 1828 efficiat.

337 1846 502 1909 Benedicat
521 1866 577 1908 uos
598 1846 719 1925 spiritus
739 1857 860 1908 sanctus
874 1892 882 1909 .
898 1847 951 1924 qui
969 1847 1002 1907 in
1020 1847 1153 1909 trinitate
1173 1850 1308 1928 perfecta
1328 1872 1399 1913 cum
1420 1864 1508 1932 patre

296 1939 400 2007 regnat
420 1940 450 1990 et
469 1930 532 1990 filio
548 1976 555 1988 .
571 1937 601 1989 et
622 1938 747 1990 coronet
767 1947 823 1989 uos
843 1929 1044 2005 sempiternae
1065 1930 1178 2007 letitiae
1197 1931 1290 1992 dono.

338 2010 606 2071 Intercessionibus
637 2020 780 2087 perpetue
801 2009 924 2087 uirginis
944 2010 1036 2087 marie
1051 2056 1059 2073 .
1075 2011 1178 2071 diuina
1205 2031 1261 2073 uos
1288 2014 1449 2076 clementia
1463 2062 1471 2077 .
1487 2036 1507 2075 a

295 2091 411 2151 cunctis
431 2090 660 2152 aduersitatibus
681 2090 809 2152 liberet.
826 2101 857 2150 et
878 2100 1050 2150 sanctorum
1070 2092 1157 2153 uobis
1177 2094 1329 2155 consortia
1349 2106 1490 2171 praestet.

335 2172 496 2250 (Perpetue
524 2171 612 2233 uobis
641 2172 790 2250 benignus
813 2170 915 2232 ihesus
939 2172 1067 2231 christus
1091 2192 1163 2233 suae
1187 2174 1307 2236 misera-
1327 2176 1391 2256 [fol
1419 2181 1505 2255 185v.

294 2254 385 2315 tionis
420 2255 530 2315 tribuat
564 2252 719 2314 subsidia.
737 2252 847 2330 quibus
882 2262 913 2313 et
946 2253 1083 2331 angelica
1117 2255 1265 2331 praestitit
1299 2275 1363 2318 non
1398 2260 1508 2320 deesse

294 2336 365 2395 suffr
403 2335 440 2396 ia.

336 2354 539 2493 Oilnipotens
555 2413 712 2492 deus.qui
733 2414 855 2474 beatum
875 2424 994 2491 petrum
1015 2414 1248 2492 apostolumssne
1267 2416 1408 2480 fluctibus
1430 2439 1507 2482 mer-

294 2507 413 2573 geretur
439 2495 554 2556 erexit‘.
569 2514 622 2573 sue
650 2496 737 2556 uobis
765 2494 964 2555 miserationis
995 2496 1125 2574 porrigat
1153 2499 1329 2560 dexteram.
1346 2510 1378 2561 et
1410 2502 1505 2562 uitam

293 2578 443 2639 concedat
464 2586 646 2656 perpetuam.

336 2660 537 2737 Omnipotens
566 2657 663 2719 deus.
679 2657 731 2734 qui
754 2657 876 2718 beatum
902 2658 1025 2734 paulum
1051 2659 1222 2736 apostolum
1250 2663 1290 2722 ab
1318 2662 1507 2725 infidelitatis

294 2741 425 2802 tenebris
453 2739 590 2800 liberauit
605 2787 612 2800 .
628 2748 660 2800 et
683 2739 745 2798 fide
769 2750 874 2798 sancta
898 2740 1126 2800 corroborauit.
1143 2741 1225 2802 uiam
1250 2743 1339 2804 uobis
1365 2745 1450 2821 pacis
1475 2759 1505 2806 et

295 2822 428 2882 karitatis
448 2820 685 2882 demonstrando
700 2866 708 2882 .
723 2819 755 2878 in
777 2838 831 2896 spe
852 2820 937 2896 regni
957 2822 1077 2898 celestis
1098 2823 1266 2886 confirmet.

337 2903 538 2980 Omnipotens
559 2901 656 2963 deus.
672 2900 726 2978 qui
746 2900 922 2961 duodenum
946 2901 1005 2962 sibi
1029 2905 1219 2965 consecrauit
1238 2923 1398 2966 numerum
1419 2927 1506 2984 apos-

293 2985 424 3044 tolorum
440 3027 448 3044 .
462 3001 565 3044 eorum
586 3001 642 3043 uos
662 2981 800 3042 doctrina
821 2981 973 3042 enutriat.
989 2993 1020 3043 et
1040 2983 1304 3046 intercessionibus
1325 2997 1472 3066 protegat

333 3065 524 3138 sSanctorum
547 3073 708 3140 martyrum
729 3062 904 3124 intercessio
924 3063 1172 3140 gloriosa.uobis
1190 3066 1330 3144 impetret
1354 3065 1429 3148 [iolg
1435 3073 1502 3131 186.

291 3144 452 3205 criminum
473 3145 593 3206 ueniam
613 3155 644 3204 et
665 3154 833 3204 sanctarum
854 3144 998 3204 uirtutum
1020 3145 1289 3208 inmarcescibilem
1309 3151 1449 3225 palmam.

334 3229 482 3304 Perpetua
506 3227 712 3286 confessorum
740 3225 843 3284 christi
871 3224 980 3288 tuitio.
996 3237 1113 3287 mentes
1138 3239 1252 3290 uestras
1276 3241 1422 3306 perpetuo
1446 3232 1503 3290 cir-

290 3307 416 3367 cumdet
436 3307 547 3368 auxilio
561 3352 569 3368 .
585 3325 750 3382 eorumque
771 3306 857 3383 digni
878 3307 1049 3368 efficiamini
1069 3307 1102 3366 in
1122 3308 1227 3386 celesti
1247 3310 1431 3372 habitaculo.

333 3388 559 3465 Omnipotentis
580 3387 630 3448 dei
650 3398 681 3448 et
701 3387 818 3447 domini
838 3388 932 3448 nostri
952 3388 1037 3448 ihesu
1058 3389 1159 3450 christi
1179 3390 1342 3452 clementia
1360 3393 1503 3470 piissimis

291 3481 547 3530 sacrosanctarum
571 3468 720 3546 uirginum
746 3469 1015 3529 interuenientibus
1043 3471 1178 3534 meritis.
1193 3492 1249 3533 uos
1276 3473 1425 3549 gubernat
1448 3494 1503 3551 per

287 3561 399 3612 cuncta
419 3551 586 3611 seculorum
607 3551 715 3611 secula.

331 3633 375 3693 Sit
408 3632 495 3693 uobis
524 3650 598 3691 crux
633 3630 705 3691 fidei
739 3629 969 3690 fundamentum
985 3675 993 3691 .
1008 3631 1047 3691 sit
1081 3633 1147 3710 spei
1180 3633 1353 3712 suffragium
1368 3681 1375 3695 .
1392 3635 1431 3695 sit
1470 3637 1501 3694 in

286 3713 421 3774 aduersis
436 3713 599 3773 auxilium.
617 3713 654 3772 sit
673 3712 705 3771 in
724 3712 876 3788 prosperis
895 3711 1105 3772 adiumentum
1120 3761 1127 3774 .
1143 3715 1188 3775 Sit
1200 3715 1233 3775 iu
1247 3715 1335 3777 hoste
1349 3715 1478 3778 uictoria
1493 3765 1501 3778 .

288 3795 326 3855 sit
347 3796 378 3854 iu
399 3813 509 3872 campo
530 3794 688 3854 custodia.
705 3792 743 3852 sit
764 3792 794 3851 in
816 3793 867 3852 uia
887 3793 1003 3854 fultura.

330 3878 371 3936 Et
405 3886 507 3954 pastor
540 3875 573 3934 iu
603 3875 701 3933 futuro
729 3892 851 3951 gregem
875 3885 974 3933 seruet
1003 3873 1199 3944 sincolumem
1214 3923 1223 3940 .
1237 3896 1292 3954 per
1323 3873 1387 3958 [fol.
1413 3880 1499 3939 186v.

286 3967 390 4034 sancte
421 3956 517 4016 crucis
548 3957 688 4016 uirtutem
705 4001 712 4016 .
728 3974 786 4032 que
814 3954 905 4014 nobis
940 3974 1088 4016 conuersa
1116 3968 1162 4016 est
1188 3977 1269 4035 agno
1298 3959 1441 4021 uincente
1468 3961 1501 4018 in

288 4038 424 4098 salutem.

329 4119 422 4193 Quod
442 4119 516 4194 ipse.

329 4197 533 4281 [B]enedictio
555 4199 603 4260 dei
624 4199 724 4276 patris.

320 4361 328 4390 ¹
346 4361 402 4410 The
418 4376 490 4411 verso
507 4360 537 4410 of
549 4360 594 4410 sol.
614 4357 660 4423 183
677 4360 728 4410 and
744 4359 807 4409 both
823 4359 890 4409 sides
906 4358 935 4408 of
947 4357 994 4408 iol.
1014 4358 1061 4422 184
1077 4375 1119 4410 are
1134 4361 1222 4413 blanlr.
1258 4363 1336 4414 What
1349 4364 1451 4417 follows
1465 4383 1500 4416 on

286 4428 312 4476 ff.
338 4424 382 4488 185
406 4441 458 4490 sqq.
476 4441 556 4476 seems
578 4433 605 4475 to
627 4425 659 4476 be
681 4427 768 4488 nearly
787 4424 817 4473 of
834 4425 879 4475 the
900 4438 970 4473 same
991 4425 1050 4475 date
1068 4425 1130 4476 with
1150 4427 1194 4478 the
1210 4427 1264 4480 first
1283 4429 1387 4494 portion
1409 4431 1439 4481 oi
1457 4432 1502 4482 the

283 4500 400 4543 contents
417 4491 446 4541 of
460 4492 503 4541 the
518 4491 628 4549 volume,
645 4490 740 4554 though
758 4491 806 4540 less
822 4488 936 4554 skilfully
949 4490 1059 4540 written.
