3375 5250
605 445 924 495 BENEDICTIONES
943 445 1202 498 EPISCOPALES.

540 639 740 704 Dounuca
764 653 829 704 x11.
853 653 944 705 ross
968 640 1254 706 Paurucosrau.

301 790 621 918 GRatiadomini
644 821 704 864 uos
726 799 931 883 locupletet.
949 810 983 864 et
1005 800 1141 865 caelesti
1164 800 1400 865 benedictione
1424 797 1508 862 mul-

410 884 548 965 trplrcet.
592 887 711 952 Amen.

343 966 402 1031 Ab
431 973 522 1034 omni
553 993 614 1036 uos
638 975 843 1039 aduersitate
872 975 1054 1038 defendat.
1071 988 1106 1040 et
1130 977 1186 1060 pia
1213 995 1346 1058 semper
1373 973 1508 1036 misera·

297 1054 389 1118 tione
410 1059 586 1123 custodiat.
631 1061 748 1126 Amen.

343 1142 525 1208 Petitiones
556 1156 683 1210 uestras
713 1149 866 1231 placatus
896 1149 1076 1215 intendat.
1094 1160 1128 1215 et
1158 1148 1330 1233 culparum
1356 1147 1506 1212 omnium

296 1228 394 1292 uobis
417 1233 551 1296 ueniam
576 1233 755 1298 clementer
778 1237 949 1301 attribuat.
994 1237 1112 1302 Amm.

343 1314 443 1397 Quod
471 1318 543 1402 ipse
567 1332 714 1402 prestare
739 1323 904 1405 dignetur.

541 1581 740 1646 Doururcn
764 1596 844 1648 x111.
869 1597 959 1648 rosr
984 1586 1268 1651 Paurucosruu.

374 1740 418 1805 Et
456 1743 553 1807 uobis
591 1744 747 1809 dominus
782 1767 904 1810 munus
942 1770 1002 1826 sue
1031 1748 1348 1813 benedictionis.et
1380 1745 1508 1828 repleat

422 1849 483 1894 uos
503 1831 623 1914 spiritu
650 1833 800 1896 ueritatis
825 1843 860 1896 et
884 1836 983 1915 pacis.
1029 1836 1145 1900 Amen.

346 1916 514 1999 Quatinus
531 1919 578 1983 sic
594 1940 653 2000 per
670 1921 758 1982 uiam
774 1920 892 1984 salutis
909 1923 1034 1986 deuota
1054 1934 1166 1987 mente
1187 1923 1349 1986 curratis.
1367 1930 1405 1984 ut
1427 1919 1506 1983 sub·

298 2004 491 2154 §piendum
527 2007 745 2091 deflictorum
777 2007 916 2089 laqueos
946 2008 1123 2073 salubriter
1152 2006 1328 2073 euadetis.1
1360 2007 1430 2090 [sol.
1456 2019 1506 2087 35.

335 2111 417 2154 men.

343 2178 466 2261 Sicque
488 2178 680 2244 efficiamini
704 2183 737 2244 in
760 2182 832 2246 eius
855 2182 1101 2265 supplicatione
1124 2184 1264 2248 deuoti.
1283 2193 1318 2247 et
1339 2183 1372 2245 in
1390 2189 1507 2245 mutua

300 2265 650 2416 dilectioneAsinceri.
667 2282 704 2332 ut
735 2272 777 2333 ad
817 2271 962 2335 caeleste
998 2290 1137 2352 regnum
1169 2271 1343 2354 peruenire
1373 2268 1509 2352 possitis

297 2373 412 2417 secun.
510 2375 589 2419 men.

343 2437 445 2522 Quod
470 2441 542 2522 ipse
567 2452 714 2523 prestare
740 2445 907 2526 dignetur.

531 2698 730 2762 Doururca
753 2711 849 2762 x1111.
872 2710 963 2761 Posr
987 2696 1273 2761 Pauracosrsu.

363 2866 541 2930 Enedictio
567 2887 627 2929 uos
651 2867 780 2931 domini
805 2865 985 2929 comitetur
1004 2866 1152 2948 ubique.
1169 2865 1300 2947 sibique
1323 2883 1384 2926 uos
1407 2860 1509 2925 iaciat

405 2974 538 3036 semper
563 2955 731 3019 adherere.
777 2954 895 3019 Amen.

346 3041 424 3124 lpse
462 3061 523 3103 uos
562 3062 623 3105 sua
653 3041 887 3106 benedictione
925 3037 1145 3106 saluiuiceti.
1163 3040 1221 3122 qui
1260 3038 1419 3123 dignatus
1455 3043 1507 3098 est

303 3125 470 3208 plasmare
492 3138 659 3210 potenter.
705 3128 822 3193 Amen.

345 3213 463 3297 Atque
488 3215 535 3278 ita
559 3235 619 3279 uos
644 3225 770 3298 prestet
796 3216 938 3281 feliciter
963 3216 1099 3279 uiuere.
1117 3223 1154 3279 ut
1179 3212 1340 3287 caelestis,
1363 3207 1507 3274 beatitu-

300 3302 388 3363 dinis
407 3300 529 3366 efficiat
553 3303 743 3366 coheredes.
786 3305 906 3367 Amen.

345 3387 447 3469 Quod
471 3390 543 3472 ipse
564 3401 712 3473 prestare
737 3390 901 3473 dignetur.

553 3651 753 3714 Douuucn
778 3663 836 3714 xv.
862 3662 952 3715 ross
978 3649 1261 3713 Paurucosrau.

362 3814 518 3881 Oncedat
544 3813 639 3877 uobis
664 3814 878 3897 omnipotens
898 3814 981 3877 deus
997 3864 1004 3877 .
1019 3833 1140 3878 munus
1158 3831 1239 3875 suae
1262 3807 1508 3873 benedictionis

404 3902 461 3985 qui
486 3910 616 3965 uestrae
643 3912 694 3965 est
719 3902 874 3965 conscius
898 3900 1113 3964 infirmitatis.
1157 3898 1276 3962 Amor.

346 3991 363 4072 l
368 3990 411 4052 Et
430 3989 486 4071 qui
508 3988 605 4052 uobis
628 3988 743 4053 tribuit
766 3987 976 4071 supplicandi
999 3986 1158 4051 affectum
1171 4036 1178 4050 .
1191 3985 1317 4050 tribuat
1343 3982 1413 4067 [fol.
1433 3995 1504 4065 35v.

300 4076 538 4140 consolationis
559 4076 732 4139 auxilium.
778 4075 897 4139 Amen.

345 4164 396 4228 Ut
417 4164 460 4227 ab
484 4184 525 4227 eo
543 4174 577 4227 et
598 4164 782 4246 praesentis
803 4173 837 4226 et
861 4164 991 4226 futurae
1013 4160 1199 4225 subsidium
1224 4160 1314 4223 uitae
1337 4158 1506 4241 capiatis.

301 4252 395 4315 cuius
423 4271 483 4314 uos
511 4251 662 4315 bonitate
689 4260 818 4314 creatos
846 4270 918 4313 esse
947 4249 1093 4312 creditis.
1138 4247 1256 4311 Amen.

346 4336 445 4419 Quod
472 4339 543 4420 ipse
568 4347 725 4421 prestare.

493 4524 501 4552 ¹
518 4527 564 4589 leg.
578 4524 700 4575 euadatis.
1101 4521 1111 4550 ²
1128 4523 1173 4586 leg.
1187 4520 1318 4571 saluificet.
