3375 5250
558 436 736 487 BENEDIC
738 437 763 485 T
759 436 799 486 IO
825 435 999 485 VIRGINIS.

740 636 832 701 Item,

186 784 321 910 DEus
351 794 518 850 castorum
556 806 733 869 corporum
766 786 932 869 benignus
967 783 1195 851 inhabitator.
1212 794 1247 849 et
1277 783 1386 847 incor-

294 884 467 956 ruptarum
497 882 627 938 amator
656 875 843 938 animarum
859 919 868 937 .
884 873 967 936 deus
1002 873 1060 956 qui
1094 873 1276 936 humanam
1307 872 1385 935 sub-

178 958 338 1022 stantiam
361 960 395 1022 in
418 961 534 1042 primis
556 961 747 1025 hominibus
773 959 939 1026 diabolica
962 958 1079 1025 fraude
1103 960 1257 1023 uitiatam
1280 958 1328 1022 ita
1352 958 1386 1021 in

180 1045 285 1108 uerbo
314 1056 374 1110 tuo
403 1067 463 1130 per
491 1050 583 1129 quod
613 1049 727 1112 omnia
749 1046 839 1112 iacta
868 1058 948 1111 sunt
977 1066 1134 1129 reparas.
1150 1055 1188 1110 ut
1214 1065 1289 1109 eam
1317 1064 1384 1110 non

181 1132 289 1193 solum
313 1134 356 1196 ad
378 1134 505 1216 primae
524 1135 660 1217 originis
681 1136 909 1200 innocentiam
931 1132 1170 1218 repairessed
1204 1132 1383 1216 [s0t158v.

181 1218 284 1281 etiam
315 1222 357 1283 ad
392 1223 636 1304 experientiam
666 1222 784 1287 horum
815 1222 981 1286 bonorum
1012 1241 1099 1304 quae
1127 1222 1162 1284 in
1189 1240 1279 1284 nouo
1305 1230 1384 1282 sunt

181 1306 315 1369 saeculo
349 1307 506 1372 habenda
536 1310 724 1393 perducas.
743 1318 779 1374 et
812 1308 1012 1373 obstrictum
1045 1307 1155 1372 adhuc
1188 1306 1384 1371 condicione

183 1391 374 1456 mortalium
398 1396 465 1458 iam
489 1395 533 1459 ad
555 1396 809 1462 similitudinem
831 1395 998 1479 prouehas
1020 1394 1216 1479 angelorum
1233 1444 1240 1459 .
1257 1394 1384 1475 respice

181 1479 318 1542 domine
340 1501 441 1565 super
462 1480 570 1546 hanc1
589 1482 749 1547 famulam
776 1494 870 1549 tuam
892 1484 926 1545 in
954 1502 1056 1546 manu
1077 1492 1136 1546 tua
1156 1481 1383 1546 continentiae

181 1586 261 1629 suae
296 1568 505 1650 propositum
543 1569 765 1634 collocantem
781 1620 789 1636 .
804 1590 893 1653 quae
934 1569 995 1634 tibi
1030 1570 1246 1635 deuotionem
1286 1588 1382 1631 suam

179 1651 278 1717 offert
297 1674 319 1717 a
342 1675 414 1744 quo
432 1656 506 1738 ipsa
529 1667 610 1721 uota
632 1659 799 1741 sumpsit.
815 1656 964 1741 Quando
979 1657 1069 1721 enim
1092 1657 1224 1721 animus
1248 1656 1382 1719 mortali

180 1760 279 1803 carne
309 1742 534 1807 circumdatus
569 1744 678 1827 legem
709 1754 875 1810 naturae.
895 1743 1083 1808 libertatern
1114 1742 1290 1807 licentiae.
1312 1742 1381 1806 uirn

179 1828 431 1893 consuetudinis
444 1879 451 1894 .
464 1841 498 1895 et
520 1830 674 1896 stimulos
696 1833 816 1897 aetatis
838 1831 1099 1897 euinceret.nisi
1119 1829 1156 1895 tri
1178 1830 1266 1893 hanc
1289 1828 1383 1893 flam·

182 1934 274 1977 mam
310 1915 510 1999 uirginitatis
548 1919 730 1983 clementer
766 1920 990 1985 accenderes.
1008 1927 1042 1983 et
1079 1918 1144 1982 hoc
1179 1914 1380 1980 desiderium

180 2020 297 2064 earum
319 2003 418 2067 corde
440 2005 606 2088 benignus
628 2005 756 2071 aleres.
773 2008 832 2071 sed
855 2015 890 2070 et
910 2005 1140 2070 fortitudinem
1160 2004 1383 2068 ministrares.

182 2086 301 2151 Effusa
324 2109 470 2172 namque
493 2092 526 2154 in
550 2113 668 2158 omnes
697 2104 816 2176 gentes
841 2093 951 2177 gratia
973 2103 1034 2158 tua
1058 2113 1104 2157 ex
1130 2091 1222 2154 omni
1246 2089 1383 2154 natione

181 2193 268 2256 quae
284 2184 335 2240 est
350 2177 414 2240 sub
429 2179 522 2242 caelo
543 2180 576 2243 in
595 2179 768 2245 stellarum
789 2180 1066 2245 innumerabilem
1082 2197 1282 2243 numerum.
1303 2178 1383 2241 noui

181 2265 376 2326 testamenti
412 2265 590 2330 heredibus
621 2269 815 2351 adoptatis.
834 2269 921 2331 inter
958 2277 1086 2331 ceteras
1121 2266 1261 2329 uirtutes
1296 2284 1383 2347 quae

182 2347 258 2413 filiis
293 2351 359 2413 tuis
375 2396 382 2413 .
399 2370 466 2415 non
503 2374 549 2416 ex
584 2356 803 2437 sanguinibus
840 2374 951 2440 neque
987 2375 1032 2417 ex
1067 2352 1242 2417 uoluntate
1275 2352 1384 2415 carnis

181 2434 256 2518 ised
294 2439 337 2501 de
371 2449 433 2502 tuo
465 2443 583 2523 spiritu
620 2444 743 2524 genitis
781 2443 955 2506 indidisti.
972 2443 1074 2505 etiam
1110 2441 1174 2504 hoc
1223 2437 1292 2521 [iol.
1313 2451 1382 2520 159.

182 2524 308 2587 donum
331 2525 364 2612 in
387 2528 609 2608 quorumdam
627 2538 756 2594 mentes
772 2532 815 2594 de
833 2528 996 2612 largitatis
1011 2538 1090 2593 tuae
1105 2527 1198 2591 fonte
1218 2523 1379 2589 defluxit.

182 2620 220 2675 ut
250 2631 326 2675 cum
357 2612 507 2678 honore2
536 2617 727 2699 nuptiarum
765 2616 858 2683 nulla
891 2616 1069 2681 interdicta
1099 2610 1295 2679 minuisset³
1315 2661 1323 2678 .
1344 2610 1383 2676 ic

181 2719 281 2781 super
310 2701 520 2783 coniugalem
550 2705 706 2787 copulam
737 2715 796 2769 tua
825 2704 1015 2769 benedictio
1043 2711 1277 2785 permaneret.
1293 2700 1383 2763 exis-

181 2783 288 2850 teret⁴
305 2796 419 2852 tamen
438 2789 662 2855 sublimioris⁵
679 2793 828 2857 animae.
843 2812 930 2876 quae
945 2811 1011 2855 non
1034 2790 1097 2855 hoc
1112 2785 1384 2871 concupisceret⁶

180 2875 271 2953 quod
303 2874 406 2939 habet
436 2878 578 2942 mortale
608 2880 812 2944 conubium.
828 2881 888 2943 sed
919 2880 982 2943 hoc
1006 2874 1166 2961 eligeretl
1186 2876 1278 2957 quod
1307 2893 1384 2957 pro-

182 2960 272 3024 misit
303 2961 455 3027 diuinum
482 2964 596 3029 christi
626 2967 784 3030 ecclesiae
806 2975 1054 3031 sacramentum
1070 3014 1077 3030 .
1093 2961 1248 3047 Agnouit
1271 2972 1385 3026 aucto·

181 3067 252 3110 rem
282 3068 379 3112 suum
409 3050 510 3115 beata
537 3053 731 3135 uirginitas.
749 3064 783 3118 et
807 3055 940 3118 aemula
966 3052 1166 3135 integritatis
1192 3049 1382 3132 angelicae.

181 3134 270 3198 illius
300 3135 473 3203 thalamo.
490 3139 577 3202 illius
607 3141 782 3206 cubiculo.
801 3163 837 3205 se
859 3142 1018 3205 deuouit.
1035 3138 1093 3222 qui
1122 3137 1170 3200 sic
1199 3146 1382 3220 perpetuae

181 3221 382 3303 uirginitatis
404 3236 456 3288 est
478 3245 621 3309 sponsus
639 3277 646 3290 .
662 3229 949 3310 quemadmodum
976 3237 1157 3310 perpetuae
1181 3224 1382 3305 uirginitatis

181 3306 288 3374 filius.
302 3308 554 3392 lnplorantibus
574 3335 654 3397 ergo
674 3317 838 3379 auxilium
862 3326 957 3380 tuum
980 3314 1118 3379 domine
1139 3321 1174 3376 et
1192 3309 1381 3374 confirmari

179 3414 216 3457 se
247 3395 491 3462 benedictionis
523 3413 603 3466 tuae
636 3404 886 3466 consecratione
918 3401 1152 3485 cupientibus.
1169 3399 1213 3462 da
1251 3406 1381 3480 protec-

179 3482 280 3545 tionis
303 3494 381 3548 tuae
403 3488 574 3551 munimen
596 3498 631 3552 et
646 3492 794 3572 regimen
818 3510 861 3554 ne
883 3489 989 3554 hostis
1011 3488 1168 3571 antiquus
1190 3485 1247 3568 qui
1270 3485 1382 3548 e'xcel-

180 3569 321 3633 lentiora
344 3574 456 3637 studia
485 3574 712 3640 subtilioribus
735 3577 873 3642 infestat
895 3577 1024 3640 insidiis
1040 3625 1047 3640 .
1063 3579 1106 3639 ad
1134 3573 1380 3637 obscurandam

179 3656 346 3736 perlectae
375 3661 579 3741 continentie
609 3661 771 3748 (palmam
806 3685 867 3748 per
895 3665 1041 3747 aliquam
1071 3682 1138 3729 ser·
1183 3659 1253 3743 [fol.
1289 3672 1379 3739 159v.

179 3753 239 3824 pat
270 3747 392 3810 mentis
422 3749 583 3812 incuriam
599 3800 607 3816 .
623 3761 658 3815 et
684 3753 792 3835 rapiat
820 3754 865 3817 de
894 3751 1067 3836 proposito
1093 3749 1261 3831 uirginum
1288 3747 1378 3828 quod

178 3830 280 3895 etiam
303 3833 449 3899 moribus
472 3837 569 3901 decet
586 3837 695 3902 inesse
715 3835 951 3922 nuptiarum⁸.
970 3838 1021 3904 Sit
1044 3839 1077 3901 in
1101 3855 1142 3900 ea
1163 3834 1300 3899 domine
1320 3852 1380 3915 per

178 3920 306 3982 donum
340 3921 475 4003 spiritus
510 3925 559 3987 tui
594 3927 741 4007 prudens
772 3927 960 3991 modestia.
977 3934 1011 3990 et
1040 3925 1132 4007 q‘uod
1161 3923 1206 3986 sit
1231 3919 1381 4004 professa

177 4007 372 4071 custodiat.
391 4012 568 4075 scrutatori
606 4022 779 4095 pectorum
801 4060 809 4079 .
829 4033 897 4077 non
938 4032 1076 4095 corpore
1117 4009 1280 4094 placitura
1319 4008 1378 4069 sed

180 4105 314 4157 mente.
330 4092 496 4160 Transeat
518 4099 553 4161 in
576 4118 752 4164 numerum
778 4101 981 4183 sapientium
1011 4098 1221 4182 puellarum.
1238 4106 1276 4158 ut
1306 4114 1380 4157 cae-

177 4177 296 4243 lestem
319 4201 478 4265 sponsum
504 4187 650 4249 accensis
672 4185 885 4270 lampadibus
909 4208 984 4251 cum
1016 4186 1092 4251 oleo
1116 4182 1380 4268 praeparationis

175 4276 356 4348 expectet.
375 4269 447 4335 Nec
473 4274 668 4354 perturbata
691 4276 852 4358 inprouisi
879 4276 966 4358 regis
990 4275 1162 4338 aduentu.
1178 4273 1238 4335 sed
1261 4288 1378 4333 secura

208 4412 216 4440 ¹
235 4414 378 4482 Originally
388 4417 487 4469 written
498 4421 573 4484 hunc,
586 4423 633 4474 but
644 4424 792 4490 apparently
803 4424 941 4475 corrected.

209 4480 219 4506 ²
235 4481 281 4544 leg.
294 4483 425 4532 honorem.
492 4484 563 4552 'leg
577 4488 733 4541 minuissent.
795 4490 804 4518 ⁴
821 4491 868 4554 leg.
881 4489 1025 4539 existerent.
1091 4489 1103 4516 ³
1119 4489 1163 4552 leg.
1176 4487 1344 4540 sublimiores.

207 4544 278 4608 ‘lega
298 4549 510 4612 concupiscerent.
796 4553 805 4584 ¹
822 4557 866 4619 leg.
881 4556 1011 4620 eligerent.
1095 4555 1106 4585 ⁸
1122 4555 1166 4620 leg.
1184 4563 1328 4620 nuptarum.
