3375 5250
533 371 789 420 CONSECRATIO
811 370 1029 419 ECCLESIAE.
1345 378 1378 432 95

168 532 215 596 ita
242 540 279 595 ut
305 553 371 597 non
398 532 522 595 ibidem
550 532 607 595 ubi
630 531 692 610 hec
717 532 853 594 incensa
876 530 931 594 uel
953 532 1086 595 timiata
1110 530 1233 594 fuerint
1258 531 1382 611 adpro·

168 620 330 702 pinquare
354 620 530 684 audeatis.
547 640 608 683 nec
635 628 776 681 aduersa
803 619 923 682 inferre
951 620 1170 701 presumatis.
1186 618 1319 682 Adiuro
1346 626 1380 681 te

168 727 229 789 per
258 727 382 770 nomen
409 719 444 769 et
468 728 527 789 per
552 707 710 769 uirtutem
738 706 792 769 dei
820 707 924 787 patris
948 706 1190 789 omnipotentis
1217 715 1252 768 et
1288 705 1381 767 ihesu

168 793 282 857 christi
306 794 364 857 filii
396 794 563 877 eius.qui
595 803 756 857 uenturus
783 803 834 855 est
866 794 898 855 in
927 794 1047 876 spiritu
1082 801 1201 856 sancto
1233 791 1381 856 iudicare

170 881 267 944 uiuos
283 891 317 945 et
333 891 483 945 mortuos
500 929 507 943 .
526 891 560 944 et
576 900 636 943 uos
660 882 923 961 preuaricatores
935 930 942 945 .
954 889 988 944 et
1005 880 1154 944 seculum
1179 899 1238 961 per
1261 880 1385 961 ignem.

170 988 279 1031 amen.

453 1089 635 1154 Benedictio
656 1090 780 1154 incensi
799 1090 872 1154 siue
891 1090 1097 1153 timiamatis.

174 1212 399 1337 AEternam
431 1232 470 1275 ac
501 1212 718 1274 iustissimam
750 1212 913 1293 pietatem
945 1220 1038 1275 tuam
1070 1212 1293 1294 deprecamur
1323 1213 1384 1275 do-

282 1299 371 1362 mine
387 1298 596 1362 sanctissime
613 1307 709 1380 pater
729 1301 945 1379 omnipotens
968 1311 1083 1375 eterne
1107 1301 1208 1363 deuS.
1222 1311 1260 1364 ut
1282 1299 1384 1362 bene·

172 1386 283 1449 dicere
317 1387 464 1468 digneris
507 1386 570 1462 hec
604 1388 793 1449 timiamata
824 1386 876 1448 uel
910 1386 1035 1448 incensi
1075 1388 1302 1467 speciem.ut
1340 1387 1385 1449 sit

173 1473 346 1537 incensum
378 1474 545 1536 maiestati
575 1481 633 1550 tue
659 1473 691 1535 in
720 1474 858 1536 odorem
882 1474 1059 1535 suauitatis
1083 1474 1341 1554 acceptum.sit
1365 1495 1385 1535 a

173 1570 208 1623 te
234 1561 297 1637 hec
319 1561 446 1641 species
470 1560 670 1624 benedicta.
687 1560 730 1622 sit
753 1581 813 1641 per
835 1561 1083 1623 inuocationem
1107 1561 1215 1624 sancti
1238 1561 1384 1624 nominis

172 1648 222 1711 tui
248 1647 478 1712 sanctificata.
496 1648 544 1712 ita
568 1656 605 1710 ut
633 1648 835 1727 ubicumque
861 1646 971 1710 fumus
999 1646 1090 1728 seius
1116 1668 1190 1730 per·
1216 1647 1285 1731 [fol.
1313 1665 1383 1726 114.

175 1736 327 1798 uenerit.
343 1736 542 1798 exstricetur
564 1748 598 1797 et
621 1734 787 1816 effugetur
809 1754 910 1796 omne
927 1754 1032 1815 genus
1048 1735 1279 1798 demoniorum
1296 1737 1382 1798 sicut

176 1824 312 1885 incensu
337 1822 453 1885 iecoris
476 1822 576 1903 piscis
600 1842 699 1903 quem
725 1821 861 1902 raphael
885 1821 1104 1903 archangelus
1127 1821 1255 1886 tobiam
1278 1822 1385 1886 famu-

176 1910 246 1972 lum
272 1920 367 1972 tuum
395 1910 510 1973 docuit
535 1929 611 1972 cum
635 1911 788 1972 ascendit
811 1909 854 1971 ad
878 1929 952 1972 sare
975 1907 1229 1972 liberationem.
1247 1910 1386 1973 descen·

175 1998 235 2061 dat
249 1996 440 2059 benedictio
464 2017 563 2078 super
583 1996 669 2059 hanc
693 1996 837 2078 speciem
862 1995 987 2059 incensi
1006 2007 1040 2059 et
1063 1996 1260 2059 timiamatis
1276 2045 1282 2058 .
1296 1998 1383 2060 sicut

177 2084 209 2147 in
238 2083 295 2147 illo
317 2086 359 2145 de
382 2104 449 2165 quo
477 2084 579 2146 dauid
606 2083 770 2164 propheta
797 2092 875 2145 tuus
909 2082 1028 2146 cecinit
1068 2084 1386 2165 dicens.dirigatur

176 2172 284 2234 oratio
315 2191 391 2233 mea
421 2172 506 2234 sicut
537 2172 709 2233 incensum
740 2172 772 2232 in
805 2179 987 2251 conspectu
1014 2180 1073 2233 tuo
1089 2220 1096 2233 .
1112 2171 1156 2233 sit
1179 2171 1276 2233 nobis
1301 2172 1386 2234 odor

177 2257 440 2321 consolationis.
457 2257 633 2320 suauitatis
649 2267 682 2319 et
698 2258 804 2339 gratie
822 2305 830 2321 .
848 2266 885 2320 ut
901 2256 994 2320 fumo
1013 2258 1079 2321 isto
1102 2257 1268 2339 effugetur
1283 2278 1384 2321 omne

177 2347 345 2408 fantasma
361 2346 483 2407 mentis
499 2354 533 2407 et
549 2345 713 2427 corporis.
729 2355 765 2407 ut
781 2345 885 2407 simus
902 2344 992 2426 pauli
1016 2345 1161 2427 apostoli
1177 2365 1260 2408 uoce
1275 2347 1384 2409 bonus

176 2433 261 2495 odor
276 2433 340 2494 deo
356 2480 363 2495 .
381 2430 554 2513 Effugiant
577 2453 598 2494 a
621 2432 704 2493 facie
728 2432 855 2494 incensi
878 2432 975 2494 huius
991 2440 1025 2494 et
1048 2432 1244 2496 timiamatis
1267 2452 1384 2496 omnes

175 2520 358 2583 demonum
374 2520 525 2582 incursus
541 2567 548 2583 .
564 2518 649 2581 sicut
664 2517 774 2600 puluis
787 2540 807 2581 a
822 2518 907 2581 facie
929 2520 1022 2583 uenti
1038 2566 1046 2581 .
1064 2529 1098 2581 et
1121 2520 1205 2581 sicut
1228 2520 1341 2582 fumus
1363 2541 1383 2583 a

178 2606 262 2671 facie
278 2607 365 2688 ignis
382 2653 389 2670 .
407 2618 519 2688 presta
534 2605 598 2669 hoc
615 2606 762 2688 piissime
786 2615 882 2689 pater
905 2604 984 2669 boni
1008 2606 1119 2669 odoris
1143 2608 1314 2670 incensum
1339 2607 1383 2671 ad

176 2716 263 2776 opus
289 2694 408 2770 eclesie
439 2704 496 2771 tue
524 2693 568 2756 ob
595 2713 732 2757 causam
758 2693 928 2775 religionis
959 2693 1081 2776 iugiter
1110 2714 1328 2776 permanere.
1345 2708 1383 2760 ut

179 2781 323 2863 mystica
357 2781 454 2844 nobis
485 2779 727 2862 significatione
759 2780 982 2861 spiritualium
1014 2781 1176 2844 uirtutum
1208 2780 1383 2864 flagranst

175 2868 388 2945 ostenderat
408 2870 491 2932 odor
515 2869 717 2931 suauitatem
735 2917 742 2932 .
758 2867 833 2930 Tua
860 2887 940 2948 ergo
961 2888 1142 2948 quesumus
1168 2871 1383 2953 omnipotens

178 2958 262 3020 deus
287 2956 438 3018 inmense
467 2955 653 3018 maiestatis
679 2957 821 3018 dextera
846 2953 933 3016 hanc
966 2964 1152 3018 creaturam
1184 2956 1383 3019 benedicere

178 3064 222 3105 ex
245 3043 451 3107 diuersarum
487 3062 595 3105 rerum
618 3042 863 3105 commixtione
901 3041 1059 3105 infectam
1098 3043 1316 3124 dignare.ut
1348 3045 1382 3105 in

178 3133 302 3193 uirtute
340 3129 446 3191 sancti
492 3129 637 3192 nominis
676 3130 724 3191 tui
768 3149 886 3192 omnes
928 3129 1165 3192 inmundorum
1203 3131 1381 3211 spirituum

178 3215 479 3300 phantassmaticos
503 3217 652 3279 incursus
676 3216 840 3296 effugare.
853 3235 1036 3297 omnesque
1052 3217 1186 3280 morbos
1204 3213 1381 3303 [fol.114v.

177 3304 310 3367 reddita
336 3305 480 3367 sanitate
508 3302 702 3384 expellere.
720 3304 922 3385 ubicumque
948 3303 1060 3365 fumus
1091 3323 1280 3368 aromatum
1311 3307 1383 3368 eius

178 3392 339 3455 afflauerit
355 3440 361 3455 .
379 3390 573 3453 mirabiliter
605 3391 711 3471 possit
750 3399 853 3472 atque
884 3391 917 3452 in
954 3392 1058 3453 odore
1096 3389 1384 3472 flagrantissimi

177 3481 239 3542 tibi
264 3478 399 3541 domine
423 3487 585 3560 perpetua
608 3477 776 3540 suauitate
798 3477 969 3541 redolere.
986 3497 1046 3559 per
1067 3476 1251 3544 dominum.

431 3629 615 3694 Benedictio
632 3631 799 3713 generalis
820 3630 869 3694 ad
885 3632 1007 3694 cultum
1030 3633 1144 3697 eclesie.

249 3750 318 3814 Eus
343 3748 405 3831 'qui
428 3748 562 3810 diuersa
591 3756 790 3811 ornamenta
821 3748 865 3810 ad
896 3747 1148 3811 tabernaculum
1179 3749 1323 3814 foederis
1350 3753 1383 3815 in

284 3836 499 3898 sacerdotalis
515 3833 659 3897 officium
678 3833 851 3897 ministerii
867 3855 924 3897 ore
940 3836 1075 3916 proprio
1099 3834 1168 3899 fieri
1188 3840 1383 3921 precepisti.

178 3935 214 3987 te
240 3923 357 3986 humili
393 3943 491 4004 prece
524 3921 758 4004 deposcimus.
777 3931 814 3984 ut
837 3922 901 3983 hoc
933 3924 1273 3987 uestimentum.hoc
1301 3946 1383 3990 uaS.

177 4011 223 4074 ad
246 4018 402 4074 ornatum
418 4021 452 4071 et
468 4009 688 4072 ministerium
714 4007 855 4070 eclesiae
871 4019 949 4071 tuae
972 4020 1185 4091 preparatum
1209 4011 1265 4074 illa
1284 4013 1383 4076 bene·

176 4098 326 4162 dictione
341 4097 522 4179 perfundas
537 4144 544 4159 .
561 4116 628 4177 qua
642 4094 723 4158 olim
740 4115 799 4176 per
816 4115 934 4158 manus
955 4108 1147 4160 sanctorum
1171 4103 1382 4163 sacerdotum

180 4184 334 4248 utensilia
369 4183 572 4246 tabernaculi
604 4182 678 4244 oleo
710 4183 875 4256 unctionis
906 4183 1105 4264 perfudisti.
1123 4192 1160 4246 ut
1183 4186 1385 4269 quicumque

176 4273 246 4335 iam
272 4273 305 4333 in
328 4281 388 4334 tua
411 4271 595 4352 apostolica
618 4269 738 4332 eclesia
759 4271 823 4333 hoc
847 4280 983 4333 utatur.
1001 4280 1035 4332 te
1059 4272 1236 4335 miserante
1251 4276 1385 4337 ueniam

180 4369 393 4440 peccatorum
417 4368 450 4421 et
477 4358 600 4438 gaudia
632 4365 861 4439 promereatur
884 4357 1053 4439 percipere
1085 4360 1312 4439 sempiterna.
1330 4383 1389 4444 per

177 4447 365 4510 dominum.
