3375 5250
380 414 437 463 DE
458 414 590 464 SACRIS
613 415 822 465 ORDINIBUS
842 414 1145 466 BENEDICENDIS.
1330 427 1376 477 117

162 578 330 703 ACcipe
349 590 384 644 et
405 580 608 645 commenda
631 581 833 645 memoriae.
849 592 884 645 et
906 583 1031 649 habeto
1055 592 1259 667 potestatem
1279 582 1373 663 inpo-

269 668 371 731 nendi
391 688 529 733 manum
548 688 648 751 super
668 669 915 751 inerguminum
933 721 940 735 .
957 673 1029 735 siue
1051 672 1260 753 baptizatum
1277 718 1285 734 .
1301 670 1372 732 siue

162 754 412 819 caticuminum.

585 991 767 1057 Benedictio
788 993 947 1080 exorcista

170 1151 323 1277 DEum
347 1165 477 1237 patrem
498 1156 765 1237 omnipotentem
786 1155 955 1238 supplices
976 1156 1265 1239 deprecemur.ut
1285 1155 1375 1218 hunc

279 1240 442 1305 famulum
463 1263 561 1306 suum
580 1244 779 1307 benedicere
799 1243 956 1325 dignetur
974 1244 1008 1305 in
1027 1243 1171 1307 officium
1187 1241 1373 1319 exorciste.

164 1337 202 1391 ut
233 1329 278 1391 sit
307 1330 465 1411 spiritalis
495 1330 677 1412 imperator
699 1332 742 1394 ad
766 1330 960 1393 abiciendos
983 1331 1145 1394 demones
1171 1329 1215 1392 de
1241 1349 1374 1411 corpor·

164 1415 239 1479 ibus
260 1415 404 1479 obsessis
420 1465 427 1481 .
443 1437 520 1481 curn
539 1418 631 1481 omni
651 1417 801 1499 nequitia
822 1438 940 1481 eorum
964 1417 1160 1481 mulitsormi
1172 1464 1179 1481 .
1192 1417 1375 1480 adiuuante

166 1503 305 1566 domino
327 1514 441 1569 nostro
465 1505 560 1568 ihesu
583 1504 732 1570 christo.
749 1505 806 1588 qui
830 1524 908 1567 cum
932 1524 973 1568 eo
995 1505 1081 1569 uiuit
1104 1514 1139 1568 et
1161 1514 1290 1586 regnat.

681 1792 764 1855 Item
787 1792 865 1855 olio.

166 1952 180 2038 l
252 1951 376 2017 Omine
406 1953 570 2030 sanctaet
600 1961 696 2036 pater
726 1952 941 2035 omnipotens
972 1949 1156 2027 aeternae†
1188 1949 1257 2033 [sol.
1285 1964 1375 2032 135v.

296 2040 399 2103 deus.
416 2039 614 2103 benedicere
648 2039 794 2122 digneris
824 2040 913 2103 hunc
943 2039 1107 2103 famulum
1138 2047 1234 2101 tuum
1266 2037 1375 2102 ill.in

166 2127 312 2193 officium
335 2128 548 2191 exorcistae.
565 2136 602 2191 ut
625 2147 684 2211 per
706 2127 945 2209 inpositionem
970 2145 1131 2190 manuum
1147 2172 1155 2188 .
1171 2133 1206 2188 et
1228 2123 1374 2188 officium

165 2216 232 2278 oris
247 2233 324 2278 eum
341 2214 462 2295 eligere
477 2215 691 2298 digneris.ut
709 2214 887 2297 imperium
906 2214 1030 2278 habeat
1048 2213 1226 2295 spirituum
1243 2212 1376 2275 inmun·

165 2303 285 2367 dorum
323 2301 553 2366 cohercendo.
570 2312 604 2366 et
634 2302 817 2384 probabilis
850 2304 894 2366 sit
933 2301 1081 2365 medicus
1119 2298 1259 2363 eclesiae
1296 2309 1376 2363 tuae

166 2390 274 2472 gratia
296 2408 449 2452 curarum
473 2388 598 2453 uirtute
620 2387 860 2454 confirmatus.
877 2409 945 2472 per.

350 2830 534 2913 QUARTUS
559 2827 978 2895 GRADUS.ORD1NAT10
1001 2844 1190 2895 nccomrr.

252 2978 390 3046 Ccolitos
410 2998 482 3041 cum
505 2978 697 3042 ordinator.
710 2979 858 3060 primum
881 2978 1072 3062 abepiscopo
1091 2980 1376 3062 doceatur.quoli-

292 3075 342 3129 ter
361 3067 396 3130 in
419 3065 517 3149 officio
538 3087 596 3129 suo
617 3086 713 3148 ogere
731 3065 861 3130 debeat.
877 3075 909 3129 et
928 3067 969 3130 ab
994 3066 1219 3131 archidiacono
1241 3071 1376 3150 accipiat

163 3153 394 3234 ceroferarium
423 3174 496 3216 cum
525 3174 629 3217 cereo.
646 3163 685 3215 ret
712 3155 796 3218 sciat
815 3174 851 3217 se
869 3152 919 3216 ad
935 3153 1130 3218 accendenda
1151 3156 1258 3238 eclesie
1277 3158 1375 3219 lomi-

166 3241 266 3304 noria
288 3240 492 3323 rnoneipari.
509 3240 661 3322 Accioiot
680 3250 712 3304 et
739 3241 898 3304 urceolum
929 3262 1066 3305 ooereum
1096 3241 1145 3305 od
1160 3243 1375 3325 frendendom

164 3329 280 3392 reiorum
304 3329 338 3391 in
360 3327 589 3392 eucharistiam
612 3329 752 3410 corporis
773 3329 895 3392 christi.

600 3611 781 3676 Benedictio
803 3613 936 3679 accoliti.

169 3792 433 3922 OMnipotens
468 3789 669 3873 sempiterne
704 3790 787 3853 deus
812 3839 819 3854 .
849 3789 924 3851 sons
961 3788 1044 3853 lucis
1082 3800 1116 3854 et
1153 3791 1249 3873 origo
1281 3790 1377 3852 boni·

281 3880 391 3943 tatis.
416 3878 473 3961 qui
504 3897 562 3960 per
592 3878 721 3939 ihesum
761 3876 923 3940 christum
966 3877 1071 3939 lilium
1102 3886 1198 3940 tuum
1237 3878 1294 3958 qui
1325 3888 1377 3942 est

168 3971 281 4033 lumen
313 3986 427 4030 uerum
465 3965 627 4027 mundum
658 3963 893 4028 inluminasti.
919 3964 1056 4046 eiusque
1088 3964 1253 4046 passionis
1286 3984 1375 4045 mys-

168 4055 268 4141 telrio
292 4052 487 4116 redemisti.
506 4051 702 4114 benedicere
733 4052 872 4133 dignare
902 4052 991 4113 hunc
1021 4050 1184 4115 famulum
1208 4047 1280 4136 [iol.
1306 4051 1375 4129 136.
1468 4085 1474 4097 ·

169 4156 265 4208 tuum
296 4141 359 4204 ill.
380 4159 481 4220 quem
519 4140 553 4201 in
585 4138 716 4202 accoliti
751 4139 896 4201 officium
927 4158 1162 4202 consecramus
1179 4186 1186 4201 .
1203 4149 1378 4221 poscentes

168 4229 382 4295 clementiam
417 4237 588 4291 tuam.ut
619 4237 767 4289 mentem
799 4234 833 4288 et
864 4245 921 4288 cor
950 4225 1021 4288 eius
1057 4226 1183 4288 lumine
1218 4225 1377 4288 scientiae

169 4320 346 4381 inlustres.
361 4324 394 4377 et
415 4315 551 4396 pietatis
575 4325 652 4377 tuae
673 4333 746 4376 rore
769 4312 954 4394 irrigeS.ut
977 4313 1025 4376 ita
1045 4324 1240 4395 perceptum
1264 4311 1377 4376 minis·

167 4406 287 4469 terium
314 4412 349 4465 te
376 4401 561 4464 auxiliante
586 4402 900 4482 peragat.qualiter
922 4399 967 4463 ad
990 4408 1160 4463 aeternam
1191 4419 1379 4462 remunera·

168 4493 296 4556 tionem
313 4489 487 4572 peruenire
505 4498 694 4552 mereatur.
711 4508 769 4569 per
785 4488 971 4551 dominum.
