3375 5250
582 457 899 508 BENEDICTIOllOES
918 457 1178 507 EPISCOPALES.

429 708 684 798 [Bnusmcuo
707 723 749 773 ΙΝ
774 722 840 772 ma
864 685 1020 772 sineno
1045 704 1348 794 Pentecosten]

288 871 450 998 [DEus
483 875 541 956 qui
572 872 735 937 hodierna
766 868 874 949 diel
857 868 1117 952 [discipulorum
1150 866 1223 956 [fol.
1248 887 1311 950 303
1334 867 1390 931 fol.
1415 885 1489 949 3ov.

421 971 552 1025 mentes
607 959 743 1040 spiritus
791 956 955 1040 paraclyti
1009 955 1175 1020 infusione
1224 958 1384 1040 dignatus
1437 964 1490 1018 est

284 1040 485 1112 inlustrare.
503 1047 604 1111 faciat
641 1066 701 1108 uos
738 1065 799 1108 sua
836 1043 1072 1108 benedictione
1109 1043 1252 1127 repleri.
1269 1054 1304 1108 et
1340 1042 1491 1107 eiusdem

284 1132 420 1214 spiritus
444 1134 541 1198 donis
563 1132 760 1196 exuberare.
805 1131 925 1194 Amen.

330 1218 392 1283 llle
408 1221 495 1304 ignis
513 1221 571 1304 qui
589 1240 690 1303 super
705 1219 887 1302 discipulos
905 1219 1077 1300 apparuit.
1091 1215 1288 1302 pectorum¹
1304 1226 1491 1281 uestrorum

284 1309 400 1370 sordes
426 1316 616 1391 expurget.
633 1315 668 1369 et
698 1307 748 1370 sui
778 1305 916 1370 luminis
946 1304 1112 1370 infusione
1141 1305 1245 1369 corda
1275 1316 1386 1369 uestra
1416 1323 1492 1386 per-

285 1392 412 1458 lustret
458 1397 577 1459 Amen.

328 1479 464 1564 Quique
486 1483 644 1563 dignatus
673 1491 725 1544 est
756 1479 985 1546 diuersitatem
1016 1479 1206 1564 linguarum
1230 1481 1263 1542 in
1291 1479 1389 1542 unius
1411 1475 1490 1540 fidei

283 1568 494 1632 confessione
512 1571 685 1633 adunare.
703 1569 736 1630 in
759 1569 880 1631 eadem
904 1587 965 1632 uos
989 1567 1089 1632 faciat
1111 1566 1177 1631 lide
1200 1585 1411 1650 perseuerare
1429 1611 1437 1628 .
1454 1575 1489 1627 et

284 1655 453 1737 perhanc
476 1656 519 1718 ab
542 1676 603 1738 spe
625 1656 668 1718 ad
692 1654 837 1737 speciem
862 1655 1044 1738 peruenire.
1090 1655 1209 1719 Amen.

329 1739 431 1824 Quod
455 1742 526 1826 ipse
550 1752 697 1825 prestare
720 1743 888 1825 dignetur.

505 2081 741 2145 Baunnlcmo
765 2093 836 2143 pun
861 2092 993 2143 cornu
1017 2092 1277 2146 sunnrnnnnu.

293 2247 516 2374 BEnedicat
542 2248 638 2311 uobis
666 2247 821 2310 dominus
852 2246 909 2328 qui
940 2255 1061 2309 cuncta
1092 2265 1137 2308 ex
1165 2244 1269 2308 nihilo
1291 2244 1418 2311 creauit
1435 2295 1444 2312 .
1461 2258 1495 2311 et

392 2334 488 2399 uobis
510 2334 544 2399 in
575 2335 780 2417 baptismate
810 2353 871 2416 per
899 2333 1053 2415 spiritum
1085 2342 1240 2396 sanctum
1264 2333 1493 2398 remissionem

286 2422 437 2486 omnium
462 2431 675 2504 peccatorum
699 2420 822 2485 tribuit
868 2420 986 2483 Amen.

331 2506 468 2591 Quique
498 2509 643 2573 eundem
674 2508 828 2592 spiritum
859 2516 1013 2570 sanctum
1043 2506 1077 2568 in
1109 2505 1215 2588 igneis
1245 2506 1368 2589 linguis
1398 2507 1496 2571 disci·

288 2594 375 2678 pulis
405 2594 475 2660 suis
501 2596 619 2661 dedit.
637 2597 742 2679 ipsius
773 2593 1026 2677 [inlustratione
1056 2595 1158 2657 corda
1188 2603 1300 2658 uestra
1345 2590 1416 2680 [fol.
1441 2611 1494 2675 31.

288 2682 489 2766 perlustret.
506 2694 608 2767 atque
631 2685 664 2747 in
688 2703 784 2748 suum
808 2702 957 2745 amorem
981 2681 1100 2764 iugiter
1123 2682 1296 2746 accendat.
1341 2681 1458 2747 Amen.

334 2770 503 2852 Quatinus
533 2773 603 2835 eius
626 2774 717 2835 dono
740 2791 760 2832 a
782 2769 912 2834 cunctis
935 2768 1024 2832 uitiis
1047 2769 1244 2832 emundati.
1261 2769 1365 2852 ipsius
1388 2772 1498 2852 opitu·

290 2854 415 2921 latione
445 2858 489 2921 ab
526 2858 683 2922 omnibus
721 2855 980 2922 aduersitatibus
1004 2855 1171 2938 defensi.
1188 2856 1353 2939 templum
1392 2857 1497 2940 ipsius

290 2943 374 3007 effici
391 2947 592 3009 mereamini.
637 2947 755 3010 Amen.

336 3030 437 3113 Quod
462 3033 533 3115 ipse
556 3045 704 3116 prestare
728 3032 894 3114 dignetur.

501 3378 701 3442 Donruucn
725 3377 971 3442 Ocnnunnuu
996 3376 1281 3442 Pauracosnuu.

296 3533 561 3662 OMnipotens
590 3538 723 3602 trinitas
746 3558 832 3602 unus
856 3547 890 3602 et
913 3558 1012 3601 uerus
1038 3537 1145 3603 deus.
1161 3548 1258 3621 pater
1280 3548 1314 3603 et
1337 3536 1447 3602 filius.
1464 3547 1499 3602 et

409 3625 543 3705 spiritus
581 3634 740 3689 sanctus.
758 3627 816 3690 det
859 3625 955 3689 uobis
993 3645 1071 3688 eum
1107 3625 1298 3689 desiderare
1335 3624 1496 3690 feliciter.

296 3729 477 3795 agnoscere
501 3713 680 3777 ueraciter.
690 3712 829 3795 diligere
851 3712 1031 3777 sinceriter.
1075 3711 1191 3777 Amen.

340 3797 567 3879 Equalitatem
598 3809 700 3882 atque
730 3799 1103 3863 incommutabilitatem
1142 3819 1223 3863 suae
1253 3800 1418 3863 essentiae
1453 3800 1500 3864 ita

293 3886 412 3947 uestris
429 3886 597 3950 mentibus
617 3886 752 3969 infigat.
769 3897 806 3950 ut
828 3887 871 3950 ab
892 3907 933 3950 eo
948 3907 1009 3950 uos
1029 3905 1213 3967 numquam
1234 3887 1501 3971 quibuscumque

292 3970 442 4036 fantasiis
466 3972 618 4037 aberrare
637 3974 817 4056 permittat.
864 3975 982 4038 Amen.

339 4058 462 4141 Sicque
478 4080 538 4123 uos
553 4059 586 4122 in
602 4081 662 4125 sua
678 4060 745 4125 fide
760 4071 794 4125 et
809 4062 949 4125 caritate
964 4080 1176 4144 perseuerare
1191 4061 1373 4127 concedat.
1386 4072 1424 4127 ut
1439 4082 1500 4145 per

295 4165 335 4208 ea
365 4148 582 4228 postmodum
614 4150 655 4211 ad
689 4148 740 4212 sui
772 4149 1078 4211 manifestationem
1111 4147 1307 4229 uisiolnem-
1339 4148 1408 4231 [fol.
1427 4165 1499 4228 31v.

294 4252 359 4315 que
384 4234 664 4298 interminabilem
687 4236 886 4299 introducat.
932 4236 1048 4299 Amen.

340 4320 438 4403 Quod
464 4320 536 4403 ipse
560 4334 708 4404 prestare
733 4323 897 4406 dignetur.

778 4542 784 4569 ¹
802 4542 850 4607 leg.
863 4549 1034 4608 peccatorum.
