3375 5250
562 385 821 434 CONSECRATIO
842 384 964 435 REGIS.

713 603 836 697 Oratio.

172 788 348 919 CHris‘te
376 798 529 869 'perunge
564 785 653 848 hunc
692 804 805 867 regem
845 784 879 848 in
912 782 1061 866 regimen
1079 834 1085 847 .
1102 782 1192 847 unde
1226 780 1379 845 unxisti.

273 878 489 940 sacerdotes.
506 892 626 955 reges.
644 879 678 935 et
716 871 921 953 prophetas.
938 892 977 934 ac
1016 879 1204 972 martyres
1220 869 1278 951 qui
1320 889 1382 951 per

170 964 272 1028 fidem
295 964 448 1027 uicerunt
471 980 599 1042 regna.
617 968 651 1022 et
673 959 802 1041 operati
827 969 906 1021 sunt
932 958 1118 1021 iustitiam.
1135 967 1237 1039 atque
1264 956 1380 1055 adepti

171 1062 250 1115 sunt
277 1049 539 1133 promissiones.
556 1048 633 1110 Tua
663 1045 890 1110 sacratissima
915 1046 1030 1109 unctio
1053 1064 1156 1126 super
1177 1054 1280 1126 caput
1310 1042 1382 1105 eius

171 1137 322 1203 defluat
333 1146 435 1218 atque
460 1136 504 1198 ad
528 1135 686 1199 interiora
717 1135 923 1197 descendat.
941 1142 976 1196 et
1002 1132 1112 1196 cordis
1143 1130 1231 1195 illius
1262 1130 1384 1193 intima

173 1233 353 1308 penetret.
369 1232 404 1287 et
434 1221 711 1306 promissionibus
731 1240 825 1301 quas
861 1220 977 1302 adepti
1007 1228 1085 1283 sunt
1115 1217 1381 1281 uictoriosissimi

173 1333 267 1394 reges
283 1312 392 1394 gratia
407 1320 467 1373 tua
482 1310 605 1391 dignus
621 1307 808 1371 efficiatur.
824 1308 983 1389 quatinus
998 1315 1033 1369 et
1049 1307 1082 1369 in
1104 1306 1251 1388 presenti
1267 1304 1382 1368 seculo

174 1399 313 1463 feliciter
342 1407 485 1481 regnet.
502 1405 536 1461 et
573 1396 617 1459 ad
649 1415 770 1459 eorum
804 1396 1012 1458 consortium
1045 1394 1079 1456 in
1110 1392 1246 1457 caelesti
1277 1410 1383 1473 regno

173 1487 371 1569 perueniat.
388 1504 458 1569 per.
547 1497 549 1503 ’

736 1794 827 1859 Alia.

184 1964 342 2093 DEus
358 1962 541 2024 electorum
579 1959 762 2023 fortitud0.
779 1969 814 2024 et
852 1959 1028 2036 humilium
1059 1931 1247 2027 celsitudo.
1264 1963 1321 2064 qui
1354 1963 1386 2025 in

293 2047 476 2133 primordio
499 2067 559 2129 per
574 2046 771 2110 effusionem
788 2046 906 2110 diluuii
929 2049 1069 2112 crimina
1091 2051 1208 2113 mundi
1224 2052 1388 2132 castigare

181 2136 339 2202 uoluisti.
356 2146 390 2200 et
405 2156 465 2217 per
480 2133 672 2209 columbam
688 2154 817 2197 ramum
833 2135 923 2212 oliue
939 2146 1129 2217 portantem
1149 2157 1267 2219 pacem
1291 2138 1388 2200 terris

178 2227 343 2289 redditam
379 2222 640 2286 demonstrasti.
656 2221 856 2322 iterumque
874 2221 978 2286 aaron
1008 2223 1172 2287 famulum
1203 2234 1300 2287 tuum
1330 2245 1391 2306 per

179 2314 371 2376 unctionem
412 2309 477 2373 olei
512 2309 720 2371 sacerdotem
757 2308 934 2372 sanxisti.
960 2319 995 2374 et
1035 2321 1154 2393 postea
1193 2331 1252 2394 per
1289 2312 1389 2374 huius

180 2398 347 2483 ungenti†
384 2397 584 2459 infusionem
629 2396 673 2459 ad
718 2398 900 2477 regendam
946 2401 1108 2479 populum
1151 2397 1388 2462 israheliticum

180 2486 386 2571 lsacerdotes
402 2504 442 2547 ac
457 2502 552 2565 reges
568 2491 603 2545 et
626 2481 807 2563 prophetas
830 2483 1023 2565 perfecisti.
1038 2485 1184 2549 uultum·
1207 2485 1278 2568 [fol.
1298 2488 1389 2565 165v.

181 2594 248 2657 que
271 2571 461 2637 ecclesiae
453 2591 487 2634 m
506 2570 582 2634 oleo
598 2569 856 2634 exhilarandum
874 2591 934 2653 per
948 2572 1179 2654 propheticam
1198 2572 1315 2636 famuli
1339 2574 1389 2636 tui

183 2681 301 2726 uocem
325 2660 429 2723 dauid
452 2678 526 2722 esse
548 2658 750 2744 predixisti.
766 2658 814 2721 ita
836 2679 1018 2740 quesumus
1034 2661 1249 2742 omnipotens
1272 2670 1391 2742 pater

183 2760 220 2814 ut
235 2769 295 2831 per
310 2747 409 2810 huius
424 2755 595 2810 creaturae
618 2741 858 2827 pinguedinem
882 2745 971 2809 hunc
993 2767 1128 2810 seruum
1150 2756 1246 2810 tuum
1270 2750 1391 2810 sancti·

184 2837 282 2900 ficare
320 2844 378 2898 tua
415 2832 650 2897 benedictione
688 2832 862 2920 digneris.
885 2853 1032 2915 eumque
1067 2835 1101 2896 in
1138 2835 1391 2898 similitudinem

181 2921 360 2988 columbae
382 2940 499 3001 pacem
516 2911 754 3020 simplicitatis
772 2919 900 3019 populo
922 2921 987 2983 sibi
1009 2919 1147 2985 subdito
1169 2927 1340 3022 prestare.
1357 2936 1392 2984 et

182 3003 344 3092 exempla
360 3003 523 3070 aaron
515 3027 548 3069 m
579 3006 634 3069 dei
668 3006 805 3074 seruitio
838 3006 1019 3094 diligenter
1055 3008 1208 3072 imitari.
1232 3009 1393 3091 regnique

184 3095 351 3179 fastigia'
342 3114 375 3158 m
392 3093 539 3158 consiliis
558 3093 718 3156 scientiae
740 3103 774 3156 et
794 3086 994 3178 equitatae†
1015 3095 1127 3158 iudicii
1149 3115 1282 3178 semper
1304 3116 1393 3158 asse-

184 3185 267 3267 qui.
284 3181 482 3264 uultumque
505 3179 684 3244 hilaritatis
710 3179 880 3262 perhanc
902 3174 967 3244 olei
994 3183 1211 3246 unctionem.
1232 3192 1393 3265 tuamque

185 3270 481 3334 benedictionem.
496 3278 531 3332 te
568 3267 751 3331 adiuuante
773 3269 934 3387 cunct0†
963 3269 1053 3383 plebi
1083 3279 1238 3353 paratum
1270 3269 1393 3334 habere

184 3359 309 3423 facias.
325 3377 392 3441 per.

681 3759 683 3764 .
742 3686 834 3752 Alia.

259 3838 329 3902 Eus
355 3835 409 3898 dei
441 3835 527 3898 filius
552 3835 663 3898 ihesus
687 3835 830 3899 christus
855 3836 1013 3901 dominus
1037 3845 1151 3900 noster
1172 3838 1229 3920 qui
1254 3859 1275 3902 a
1298 3848 1395 3922 patre

302 3922 378 3988 oleo
408 3922 628 3987 exultationis
659 3931 779 3986 unctus
809 3933 862 3987 est
884 3944 944 4006 pre
967 3925 1183 4006 participibus
1213 3926 1280 3989 suis
1297 3976 1305 3990 .
1321 3927 1395 4010 ipse

187 4031 247 4094 per
276 4018 466 4094 presentem
505 4011 589 4073 sacri
623 4010 794 4092 unguinis
818 4010 1021 4074 infusionem
1059 4012 1195 4094 spiritus
1229 4015 1394 4096 paraclyti

187 4119 288 4182 super
310 4106 413 4179 caput
436 4104 532 4160 tuum
558 4096 715 4161 infundat
741 4096 1033 4161 benedictionem.
1050 4101 1260 4181 eandemque
1286 4107 1394 4183 usque

187 4188 230 4249 ad
256 4185 414 4249 interiora
439 4185 549 4246 cordis
582 4185 631 4247 tui
665 4193 840 4266 penetrare
875 4184 976 4248 faciat
991 4233 998 4248 .
1015 4187 1173 4266 quatinus
1211 4187 1276 4251 hoc
1315 4191 1393 4252 uisi-

185 4271 260 4356 lbili
281 4282 315 4336 et
339 4271 505 4337 tractabili
530 4272 622 4335 dono
644 4271 824 4335 inuisibilia
840 4273 1011 4354 percipere
1029 4282 1063 4340 et
1082 4282 1214 4355 tempo·
1232 4270 1303 4360 [fol.
1315 4278 1393 4341 166.

187 4360 270 4423 ralia
291 4378 417 4442 regna.
434 4358 532 4421 iustis
543 4359 836 4459 ‘moderaminibus
859 4369 1063 4424 exsecutus.
1080 4361 1293 4426 aeternaliter
1314 4384 1391 4427 cum

186 4466 227 4510 eo
249 4465 390 4530 regnare
413 4465 569 4510 merearrs
584 4493 592 4510 .
608 4465 677 4529 per.
