3375 5250
288 422 335 471 124
510 408 566 457 DE
586 408 717 458 SACRIS
739 407 950 457 ORDINIBUS
969 404 1272 455 BENEDICENDIS.

287 591 366 634 usus
401 571 517 653 populi
549 570 736 635 necessaria
774 578 852 634 sunt
868 616 876 633 .
892 578 927 634 et
957 577 1070 652 presta
1099 586 1307 650 quesumus.
1325 573 1363 628 ut
1398 583 1501 646 quae·

287 677 431 740 cumque
446 658 682 722 benedixerint
704 657 972 722 benedicantur.
989 665 1024 720 et
1046 673 1278 738 quaecumque
1295 651 1501 716 sacrauerint

288 754 481 810 sacrentur.
497 743 646 809 saluator
662 744 779 809 mundi
795 793 802 808 .
820 745 879 826 qui
896 743 982 808 uiuis
999 753 1033 808 et
1048 762 1179 826 regnas.

414 938 612 1006 consecratio
633 962 791 1005 manuum
813 941 989 1005 sacerdotis
1012 940 1053 1005 de
1074 943 1138 1005 oleo
1161 950 1193 1005 et
1214 941 1373 1005 crismate.

292 1073 579 1201 COnsecrentur
600 1094 720 1138 manus
742 1075 805 1155 iste
829 1095 1012 1158 quesumus
1036 1075 1173 1139 domine
1196 1073 1239 1138 de
1261 1074 1337 1139 oleo
1359 1083 1503 1138 sancto.

393 1170 428 1225 et
457 1159 707 1226 sanctificentur
736 1183 796 1244 per
825 1163 925 1226 istam
955 1160 1163 1246 junctionem
1194 1181 1289 1225 sanc·
1313 1160 1498 1244 [sol.143v.

288 1254 428 1330 tamque
450 1249 718 1313 benedictionem
734 1300 741 1313 .
758 1259 796 1313 ut
811 1268 1042 1332 quaecumque
1063 1249 1300 1313 benedixerint
1320 1249 1500 1312 benedicta

289 1334 386 1399 sint.
409 1345 444 1400 et
482 1355 713 1418 quaecumque
757 1336 1039 1401 sanctificauerint
1074 1334 1283 1400 sanctificata
1321 1354 1499 1417 permane·

290 1430 350 1484 ant
366 1469 376 1487 .
392 1442 459 1504 per.

620 1619 819 1687 consecratio
843 1616 980 1701 capitis1
1007 1641 1079 1684 cum
1106 1621 1178 1684 oleo.

296 1769 523 1898 UNguatur
533 1781 568 1836 et
577 1783 788 1838 consecretur
802 1770 920 1856 caput1
936 1771 1049 1838 tuuml
1065 1773 1201 1838 caelesti
1219 1771 1502 1838 benedictionem

390 1859 527 1958 'ordine
551 1860 749 1926 sacerdotali
766 1909 773 1926 .
789 1862 823 1924 in
848 1862 983 1925 nomine
1006 1863 1111 1944 patris
1127 1910 1135 1926 .
1151 1870 1186 1925 et
1207 1861 1267 1926 filii
1284 1911 1290 1924 .
1307 1870 1341 1924 et
1364 1859 1502 1942 spiritus

291 1952 411 2008 sancti.
457 1966 565 2010 amen.

333 2054 414 2118 Pax
437 2055 519 2122 tibi.
535 2056 578 2136 Re
595 2104 602 2121 .
619 2059 669 2122 Et
692 2080 765 2122 cum
792 2059 916 2141 spiritu
941 2067 1002 2123 tuo.

529 2272 561 2335 Τ
559 2293 622 2337 unc
642 2274 805 2338 uestiatur
830 2277 941 2339 casula
957 2325 965 2340 .
980 2275 1129 2358 sequitur
1153 2276 1266 2340 oratic.

299 2408 532 2534 BEnedictio
556 2412 611 2475 dei
639 2413 768 2495 patris,
785 2423 819 2478 et
847 2413 905 2477 filii
922 2465 928 2481 .
945 2425 980 2480 et
1010 2414 1146 2497 spiritus
1177 2413 1285 2477 sancti
1316 2410 1503 2476 descendat

396 2517 497 2579 super
518 2507 553 2562 te
569 2550 576 2563 .
594 2509 629 2563 et
650 2500 714 2564 hac
736 2502 937 2566 sacerdotali
962 2514 1055 2565 ueste
1078 2503 1238 2566 indutus.
1256 2508 1427 2584 protectus
1444 2546 1452 2562 .
1468 2507 1504 2561 et

294 2584 444 2648 munitus
468 2605 541 2649 esse
566 2587 679 2651 ualeas
702 2588 745 2652 ab
770 2588 928 2653 omnibus
955 2589 1253 2673 inpugnationibus
1277 2587 1501 2669 malignorum

293 2670 471 2752 spirituum
499 2684 533 2738 et
557 2675 602 2737 sis
632 2676 854 2741 benedictus.
871 2688 905 2741 et
931 2676 1050 2741 offeras
1081 2677 1207 2741 hostias
1233 2674 1414 2759 placabiles
1441 2692 1503 2755 pro

291 2759 460 2837 peccatis.
477 2770 580 2843 atque
610 2762 851 2827 offensionibus
876 2763 993 2847 populi
1010 2814 1016 2829 .
1033 2764 1258 2847 omnipotenti
1286 2762 1350 2825 deo
1373 2760 1426 2825 cui
1450 2768 1503 2822 est

295 2843 404 2909 honor
419 2856 453 2910 et
469 2848 584 2929 gloria.

494 3053 558 3118 Ad
578 3059 869 3122 consummandum
890 3060 1127 3142 presbiteratus
1149 3058 1297 3143 officium.

348 3192 381 3259 It
405 3194 503 3258 nobis
527 3198 716 3261 communis
740 3199 848 3262 oratio
871 3199 1060 3265 fratres.ut
1082 3200 1136 3263 hic
1160 3200 1217 3283 qui
1240 3199 1274 3262 in
1298 3197 1501 3262 adiutorium

392 3290 426 3344 et
456 3281 637 3348 utilitatem
663 3295 794 3350 uestrae
821 3284 953 3369 [salutis
984 3286 1311 3370 eligitur.presbite-
1339 3282 1502 3371 [sol.144.

294 3375 387 3431 ratus
418 3368 689 3434 benedictionem
713 3372 819 3435 diuini
843 3375 989 3437 muneris
1014 3374 1224 3457 indulgentia
1250 3368 1502 3436 consecratur2.

292 3464 327 3517 et
358 3456 466 3517 sancti
497 3457 633 3539 spiritus
665 3460 886 3523 sacerdotalia
917 3464 1006 3525 dona
1044 3462 1220 3544 priuilegio
1256 3461 1418 3524 uirtutum
1435 3508 1442 3523 .
1459 3478 1502 3521 ne

292 3542 402 3624 impar
428 3543 504 3605 loco
530 3544 801 3627 deprehendatur
825 3548 986 3612 obtineat.

797 3751 881 3816 Item
908 3753 986 3817 alia.

364 3881 434 3944 Eus
465 3883 770 3949 sanctificationum
805 3889 958 3951 omnium
995 3898 1133 3951 auctor.
1151 3888 1245 3951 cuius
1277 3906 1356 3949 uera
1386 3906 1505 3950 conse·

405 3971 509 4033 cratio
525 4019 532 4034 .
549 3970 650 4053 plena
671 3972 864 4038 benedictio
887 3984 959 4039 est.
977 3995 1076 4057 super
1099 3974 1189 4037 hunc
1213 3973 1377 4036 famulum
1406 3982 1502 4037 tuum

292 4050 327 4114 ill
344 4100 352 4115 .
368 4074 468 4135 quem
492 4059 535 4120 ad
559 4060 746 4139 presbiterii
769 4061 932 4125 honorem
960 4063 1003 4125 ad
1027 4060 1085 4125 ill.
1102 4061 1258 4125 eclesiam
1282 4060 1505 4123 dedicamus.

291 4142 434 4220 gratiam
450 4153 529 4206 tuae
545 4145 789 4209 benedictionis
806 4147 1011 4212 infunde.ut
1033 4149 1200 4230 grauitate
1224 4147 1360 4211 actuum
1384 4146 1504 4229 probet

292 4245 328 4288 se
351 4248 424 4292 esse
446 4230 596 4294 omnium
625 4235 790 4296 seniorem
807 4284 814 4298 .
831 4235 884 4299 his
911 4236 1084 4300 institutus
1109 4235 1316 4317 disciplinis.
1333 4253 1418 4315 quas
1441 4232 1507 4295 tito

291 4321 326 4375 et
352 4315 518 4379 timotheo
544 4318 665 4400 paulus
692 4319 860 4387 instituit.
879 4331 916 4386 ut
941 4324 974 4385 in
1002 4324 1077 4404 lege
1098 4333 1158 4385 tua
1181 4322 1397 4403 omnipotens
1419 4320 1505 4383 deus

325 4489 333 4517 ¹
352 4490 436 4541 These
448 4493 531 4541 words
542 4492 606 4542 bave
616 4493 682 4543 been
692 4495 790 4545 rubbed
802 4504 855 4556 out,
868 4496 915 4546 but
926 4512 969 4546 are
980 4496 1033 4546 still
1044 4496 1141 4546 visible.
1248 4494 1259 4522 ²
1275 4496 1318 4557 leg.
1338 4500 1504 4544 consecretur.
