3375 5250
313 391 362 443 130
699 378 942 429 BENEDICTIO
963 377 1135 429 ABBATIS.

871 540 963 605 Alia.

318 676 507 804 Domine
533 678 626 742 ihesu
653 677 776 741 christe
798 686 836 741 tu
863 677 1054 762 preelegisti
1077 678 1249 759 apostolos
1270 686 1348 743 tuos
1378 686 1417 743 ut
1438 676 1523 742 doc-

425 765 513 829 trina
542 784 605 828 sua
635 765 731 829 nobis
765 774 961 847 preessent.
977 767 1025 829 ita
1058 767 1161 829 etiam
1185 767 1258 829 uice
1288 764 1523 849 apostolorum

312 852 401 916 hunc
431 853 626 936 episcopum
656 851 844 916 doctrinam
877 851 998 915 docere
1024 861 1059 917 et
1090 853 1312 917 benedicere.
1329 863 1364 916 et
1386 853 1522 917 erudire

312 940 481 1022 digneris.
500 947 537 1003 ut
576 938 815 1003 inmaculatam
859 938 964 1003 uitam
1004 947 1039 1004 et
1076 938 1206 1003 illesam
1246 948 1444 1005 conseruet.
1460 960 1525 1021 per

314 1027 429 1091 omnia
451 1027 563 1091 secula
585 1025 782 1090 seculorum.

649 1272 830 1338 Benedictio
850 1272 992 1337 eizcsdem
1011 1272 1197 1339 sacerdotri:

379 1409 512 1494 Opulus
537 1418 572 1473 te
596 1409 739 1473 honoret
756 1456 764 1474 .
780 1409 920 1474 adiuuet
941 1416 977 1473 te
999 1408 1158 1474 dominus
1173 1459 1181 1475 .
1197 1408 1357 1492 quicquid
1383 1410 1523 1491 petieris

421 1506 547 1580 prestet
592 1496 654 1560 tibi
699 1496 810 1560 deus.
831 1516 909 1560 cum
959 1496 1086 1559 honore
1101 1546 1108 1562 .
1125 1517 1201 1561 cum
1246 1497 1403 1579 castitate
1418 1544 1427 1562 .
1441 1518 1521 1561 cum

316 1586 455 1649 scientia
470 1632 478 1649 .
493 1604 570 1648 curn
598 1582 776 1666 largitate.
792 1603 869 1647 cum
890 1582 1053 1648 caritate.
1069 1603 1146 1648 cum
1169 1583 1367 1649 nobilitate.
1385 1585 1520 1667 Dignus

314 1676 361 1735 sis
377 1720 385 1737 .
402 1672 508 1736 iustus
532 1672 600 1736 sis.
616 1670 753 1734 humilis
775 1671 820 1734 sis
836 1720 844 1735 .
860 1671 1009 1735 sincerus
1031 1671 1076 1734 sis
1092 1719 1100 1736 .
1116 1671 1289 1754 apostolus
1311 1671 1426 1736 christi
1450 1673 1495 1734 sis
1511 1723 1519 1735 .

314 1759 444 1841 Accipe
464 1758 733 1823 benedictionem
756 1766 791 1822 et
818 1758 1046 1841 apostolatum
1063 1806 1071 1821 .
1087 1760 1144 1841 qui
1167 1756 1311 1842 perlma·
1336 1755 1407 1844 [sol.
1428 1771 1522 1839 150v.

314 1856 394 1909 neat
424 1846 459 1908 in
488 1846 543 1910 die
573 1846 638 1909 ista
666 1852 701 1907 et
731 1844 765 1907 in
795 1845 851 1908 die
877 1843 1153 1927 lutura.Angeli
1176 1846 1244 1909 sint
1273 1846 1317 1909 ad
1340 1846 1519 1909 dexteram

315 1943 408 1997 tuam
425 1982 431 1995 .
448 1931 592 2015 apostoli
622 1931 772 1996 coronati
802 1934 846 1995 ad
878 1932 1047 1996 sinistram
1064 1981 1073 1998 .
1090 1932 1212 1997 eclesia
1241 1933 1286 1996 sit
1317 1942 1425 1996 mater
1460 1943 1522 1996 tua

316 2030 351 2084 et
381 2020 486 2084 altare
502 2066 511 2085 .
527 2020 581 2085 Sit
618 2021 700 2083 deus
738 2027 835 2101 pater
864 2028 943 2083 tuus
960 2069 966 2083 .
983 2019 1051 2083 sint
1087 2021 1198 2103 augeli
1233 2020 1332 2083 amici
1363 2020 1411 2084 tui
1428 2021 1523 2085 ,sint

316 2107 460 2189 apostoli
485 2106 603 2171 iratres
627 2106 676 2170 tui
694 2157 701 2171 .
719 2116 752 2171 et
777 2103 1029 2189 apostolatum¹
1052 2108 1101 2171 tui
1130 2107 1273 2190 gradum
1303 2107 1520 2171 custodiant.

316 2193 503 2260 Confirmet
528 2202 564 2257 te
590 2195 672 2258 deus
696 2195 729 2257 in
750 2193 942 2259 iustitiam
961 2194 1163 2259 sanctitate.
1181 2195 1215 2257 in
1238 2193 1360 2257 eclesia
1381 2205 1523 2258 sancta.

315 2281 442 2363 Angeli
472 2280 635 2363 recipiant
665 2289 700 2344 te
715 2329 723 2345 .
738 2290 773 2345 et
814 2301 885 2364 pax
918 2291 1030 2345 tecum
1071 2280 1337 2362 indiscrepabilis
1351 2327 1361 2346 .
1376 2300 1437 2363 per
1470 2301 1522 2343 re-

315 2369 527 2451 demptorem
565 2367 741 2433 dominum
783 2377 936 2431 nostrum
983 2368 1112 2433 ihesum
1146 2368 1307 2432 christum
1323 2380 1332 2432 ’.
1348 2369 1406 2450 qui
1444 2389 1523 2431 cum

316 2464 411 2538 patre
430 2465 465 2519 et
485 2454 605 2539 spiritu
623 2456 859 2521 sanct0.uiuit
885 2464 919 2519 et
943 2464 1080 2537 regnat.
1093 2454 1127 2518 in
1146 2455 1279 2519 saecula
1301 2455 1522 2520 saeculorum.

315 2543 438 2605 Amen.

633 2960 780 3022 Iucuu'r
803 2973 1035 3024 Buuunrcno
1057 2973 1220 3024 nunnus

379 3128 518 3194 Oncede
555 3145 737 3209 quesumus
778 3122 1093 3206 omnipotens².ut
1130 3123 1292 3188 famulum
1331 3125 1527 3191 tuum.N.

422 3234 522 3298 quem
545 3216 590 3276 ad
613 3213 762 3294 regimen
786 3213 974 3275 animarum
997 3211 1170 3294 eligimus.
1186 3212 1315 3292 gratiae
1335 3222 1414 3276 tuae
1434 3215 1526 3278 dona

319 3311 584 3384 prosequantur.
601 3308 635 3362 et
651 3308 689 3363 ut
707 3309 741 3363 te
762 3298 925 3382 largiente
943 3318 1019 3362 cum
1043 3301 1117 3382 ipsa
1141 3299 1203 3363 tibi
1226 3308 1340 3363 nostra
1362 3301 1527 3366 electione

317 3391 448 3473 placeat
464 3439 471 3453 .
487 3408 547 3472 per
570 3387 754 3451 dominum.

873 3573 968 3638 Alia.

387 3713 458 3776 Eus
488 3711 545 3794 qui
575 3710 639 3774 sub
668 3719 748 3774 tuae
778 3709 963 3773 maiestatis
994 3708 1130 3772 arbitrio
1163 3709 1314 3772 omnium
1344 3730 1524 3794 regnorum

430 3800 581 3864 contines
602 3797 882 3881 potestates.tibi
902 3796 1070 3878 supplices
1086 3796 1258 3859 fundimus
1277 3817 1393 3878 preces
1415 3799 1525 3861 humi-

314 3889 391 3952 liter
412 3894 660 3951 exorantes.ut
679 3884 768 3948 hunc
787 3883 951 3947 famulum
975 3882 1107 3966 (tuum.
1129 3884 1162 3946 N
1180 3904 1224 3948 ‚a
1244 3885 1342 3947 nobis
1361 3882 1431 3967 [fol.
1451 3900 1522 3966 151.

314 3975 461 4058 indignis
483 3973 518 4036 in
539 3973 681 4056 gradum
698 3970 830 4035 abbatis
849 3971 993 4034 electum
1016 3981 1095 4034 tuae
1117 3990 1282 4053 supernae
1304 3991 1525 4056 summaeque

312 4059 588 4127 sanctificationis
618 4059 726 4142 gratia
756 4058 954 4122 benedicere
985 4058 1157 4138 digneris.
1174 4068 1212 4122 ut
1240 4057 1275 4120 in
1306 4058 1426 4123 dicbus
1451 4063 1524 4123 eius

313 4148 450 4214 deuotio
470 4155 664 4210 renascatur
683 4146 879 4229 disciplinae
894 4194 901 4209 .
919 4153 953 4208 et
973 4155 1011 4209 ut
1027 4156 1060 4208 te
1084 4145 1267 4208 adiuuante
1287 4145 1356 4208 suis
1378 4146 1524 4210 subditis

311 4236 373 4301 tibi
395 4235 520 4319 placita
542 4235 682 4316 prebere
705 4234 813 4316 possit
839 4231 1022 4314 exempla.
1039 4232 1169 4313 tibique
1195 4252 1271 4294 cum
1296 4233 1417 4296 timore
1444 4234 1523 4298 sub-

311 4326 401 4389 ditus
423 4342 462 4386 ac
486 4320 634 4385 militans
658 4331 874 4386 mansuetus.
894 4329 973 4383 tuae
997 4317 1184 4383 maiestatis
1206 4330 1376 4382 mereatur
1397 4320 1525 4404 ubique

409 4463 479 4528 ¹leg.
492 4463 659 4529 apostolatus.
846 4457 1346 4524 ²Probablyuleraesshouldbesupplied
1356 4458 1426 4512 here.
