3375 5250
272 423 320 461 202
604 419 735 468 INDEX
755 421 805 470 OF
821 422 1051 474 LITURGICAL
1072 426 1203 478 FORMS.

277 574 430 625 Benedicam
442 561 583 639 dominum,
600 592 653 629 112.

276 653 457 705 Benedicamus
470 656 569 706 Patrem
582 666 607 707 et
621 658 725 721 Filium,
742 671 798 725 157.

274 732 410 781 Benedicat

339 804 364 845 et
377 797 501 848 custodiat
512 814 557 849 vos
568 816 649 865 omps.
663 804 712 864 ds.‚
725 815 767 865 99.

339 870 365 911 et
376 862 508 913 inluminet
521 881 602 930 omps.
616 867 661 926 ds,
674 881 715 929 49.

339 935 363 976 te
376 928 493 978 conditor
503 931 575 987 caeli.
591 943 646 995 135.

338 1000 364 1041 10
375 993 413 1043 ds.
430 994 502 1044 Pater
514 1004 540 1044 et
553 995 640 1056 Filius,
657 1008 714 1062 135.

339 1056 385 1106 tibi
396 1058 451 1109 dns.
465 1074 615 1126 semperque
627 1069 660 1123 te,
674 1074 716 1127 52.

273 1134 409 1185 Benedicat
421 1136 494 1184 vobis

336 1200 391 1249 dns
405 1208 430 1249 et
439 1202 564 1252 custodiat
575 1219 628 1264 vos,
641 1216 683 1268 23.

335 1266 392 1314 dns.
405 1267 484 1317 nostri
496 1268 547 1317 oris
557 1268 678 1335 alloquio,
689 1282 731 1335 23.

335 1331 390 1381 dns.
404 1331 485 1395 quib.
499 1333 599 1397 Agnae,
613 1347 653 1399 34.

334 1396 389 1445 dns.
404 1396 447 1460 qni
458 1396 484 1447 b.
497 1396 589 1463 virgini
602 1400 655 1461 lll.,
666 1410 708 1463 47.

334 1461 389 1510 dns.
403 1462 447 1526 qui
459 1471 556 1523 cuncta,
570 1476 611 1514 22.

334 1541 415 1650 omps).
433 1527 472 1577 ds
489 1529 533 1592 qni
549 1545 595 1595 per
609 1529 743 1595 unigeniti,
765 1530 810 1582 161
829 1531 872 1593 (ci.

333 1671 414 1721 omps.
428 1656 484 1707 dns.
498 1658 541 1721 qui
553 1666 652 1719 cuncta.
667 1670 707 1725 54.

332 1722 376 1785 qui
388 1722 495 1771 sormam
506 1732 613 1785 vestrae,
625 1738 667 1791 43.

270 1798 407 1849 Benedicat
419 1815 465 1849 vos

331 1865 409 1914 decus
421 1865 601 1928 apostolorum,
613 1880 655 1929 40.

331 1930 373 1979 dei
387 1930 467 1979 Patris
479 1929 623 1992 clementia,
637 1943 677 1997 50.

270 2007 406 2057 Benedicat
418 2022 463 2057 vos
474 2008 537 2057 deus

333 2073 366 2121 de
377 2072 462 2135 caelis,
479 2072 516 2122 18.

334 2137 485 2203 principium
498 2137 570 2199 lucis,
582 2152 625 2199 42.

334 2203 378 2267 qui
389 2218 436 2253 nos
446 2204 471 2254 b.
488 2204 563 2261 Petri.
574 2204 615 2269 38.

333 2268 378 2333 qui
389 2284 435 2334 per
445 2268 577 2331 unigeniti,
593 2280 631 2334 15.

269 2346 407 2396 Benedicat
419 2362 464 2395 vos
475 2363 556 2412 omps.
570 2349 608 2397 ds.

333 2411 461 2475 angelicis,
478 2411 533 2462 161.

333 2478 359 2526 b.
368 2477 477 2553 Ι,1011111
489 2477 628 2542 Baptistae,
642 2477 682 2541 38.

333 2557 375 2591 011
387 2558 544 2602 ieiuniorum,
561 2555 600 2605 13.

332 2607 402 2657 cuius
413 2607 535 2658 hodierna
546 2608 587 2658 die
599 2608 751 2674 unigenitus,
765 2621 806 2661 21.

333 2673 456 2722 hodierna
467 2674 657 2736 interveniente,
673 2673 711 2726 16.

332 2739 365 2788 ob
376 2738 448 2788 cuius
458 2739 588 2803 paraclyti,
601 2752 641 2788 21.

333 2819 379 2867 per
390 2804 415 2854 b.
430 2804 538 2868 apostoli
550 2805 597 2864 sui,
609 2815 651 2869 45.

333 2869 376 2934 qui
387 2885 432 2934 per
443 2869 574 2932 unigeniti,
587 2881 619 2933 37
633 2869 674 2930 (cf.
689 2869 755 2929 161).

332 2933 376 2998 qui
387 2934 624 3000 quadragenarium,
640 2947 678 2985 10.

332 2998 376 3063 qui
387 3015 433 3048 vos
443 2999 561 3062 gratuita,
578 3013 616 3062 19.

267 3077 406 3127 Benedicat
416 3092 463 3126 vos
474 3093 554 3141 omps.
566 3078 622 3126 dns.

331 3143 462 3218 beatorum
474 3151 621 3206 martyrum,
632 3142 673 3203 46.

332 3223 377 3272 per
388 3224 501 3257 omnium
513 3219 666 3269 sanctorum,
679 3219 721 3271 42.

332 3273 375 3337 qui
386 3273 413 3322 in
424 3273 559 3338 principio,
576 3273 630 3323 160.

331 3346 494 3403 vestramque
505 3339 538 3387 ad
551 3354 667 3404 superna,
680 3338 706 3390 6.

268 3415 408 3464 Benedicat
419 3430 464 3464 vos
475 3415 587 3465 Trinitas

331 3480 419 3530 divina
430 3480 547 3530 maiestas
558 3488 583 3530 et
595 3496 652 3541 una,
667 3491 707 3543 23.

331 3545 417 3595 divina
429 3547 547 3595 maiestas
560 3547 642 3604 Pater,
656 3544 698 3607 48.

266 3623 419 3684 Benedicite,
433 3623 473 3674 82.

266 3703 413 3752 Benedictio

333 3767 374 3816 dei
388 3767 469 3816 Patris
481 3775 506 3817 et
519 3767 588 3828 Filii,
604 3780 659 3828 124.

331 3849 376 3882 vos
386 3832 440 3882 dni.
453 3833 594 3893 comitetur,
608 3833 649 3882 26.

267 3910 455 3960 Benedictionis
465 3910 518 3970 dni.
529 3911 619 3976 gratia,
634 3909 674 3959 28.

268 3989 486 4039 Benedictionum,

332 4055 444 4103 omniurn
457 4055 570 4118 largitor,
583 4065 624 4119 53.

332 4135 433 4168 suarum
445 4136 587 4185 supervos,
599 4133 638 4169 21.

267 4199 419 4248 Benedictus
431 4215 457 4248 es
469 4199 495 4247 in
508 4199 612 4263 templo,
626 4197 666 4248 82.

266 4465 378 4516 Cantate
390 4466 502 4527 domino,
516 4466 556 4530 96.

266 4543 368 4592 Christe
381 4559 493 4608 perunge
504 4543 571 4594 hunc
583 4561 676 4610 regem,
691 4559 746 4612 143.

930 585 1044 638 Christus
1055 589 1097 639 dei
1109 588 1174 639 filins
1186 591 1229 655 qni
1241 598 1278 639 est
1290 591 1396 648 initium,
1412 602 1454 653 54.

929 668 1132 721 clementissime

993 735 1138 785 dominator
1149 735 1252 786 domine
1264 744 1341 793 tuam,
1357 749 1411 800 135

992 800 1095 851 domine
1105 801 1177 851 cuius
1187 802 1369 861 inenarrabilis,
1381 815 1424 863 91.

928 882 1071 932 Commune
1081 890 1169 933 votum
1180 892 1335 949 permaneat,
1351 896 1404 931 122.

926 960 1059 1014 Concedat
1068 962 1141 1011 vobis

990 1028 1046 1078 dns.
1055 1027 1202 1094 praemium,
1217 1040 1256 1089 29.

988 1109 1069 1159 omps.
1081 1094 1119 1144 ds.
1132 1109 1231 1155 munus,
1244 1094 1284 1142 26.

924 1172 1044 1222 Concede

989 1238 1131 1286 misericors
1142 1236 1180 1285 ds.
1193 1237 1253 1286 huic
1263 1235 1342 1301 plebi,
1358 1246 1395 1294 19.

989 1319 1027 1367 qs.
1039 1318 1120 1366 omps.
1134 1301 1196 1363 [ds]
1208 1309 1236 1351 ut
1246 1300 1376 1357 famulum,
1389 1308 1447 1359 130.

924 1379 1055 1429 Confirma
1065 1380 1115 1429 boc
1126 1380 1164 1429 ds.
1178 1379 1255 1444 quod,
1268 1391 1310 1441 90.

924 1457 1089 1507 Confitemini
1100 1457 1160 1507 dno.
1174 1465 1200 1507 et
1211 1457 1335 1515 invocate,
1349 1469 1401 1505 112.

923 1535 1076 1586 confortare
1087 1542 1113 1584 01
1124 1542 1180 1585 esto
1190 1534 1237 1595 vir,
1252 1546 1308 1597 144,
1323 1544 1377 1598 159.

923 1615 1107 1666 Cousecramus
1126 1621 1152 1664 et
1169 1612 1355 1663 sanctificamus
1371 1613 1439 1661 hanc
1458 1621 1535 1677 pate·

1118 1693 1144 1729 2.

922 1693 1117 1811 001100111ῗο1
1125 1760 1283 1809 sanctificare
1294 1758 1404 1823 digneris
1416 1759 1479 1809 dne.
1492 1758 1534 1809 ds.

1018 1842 1099 1891 omps

986 1890 1053 1941 hauc
1065 1906 1175 1951 crucem,
1190 1902 1244 1952 107.

986 1965 1105 2021 patenam
1115 1957 1190 2016 hanc,
1202 1968 1243 2019 93.

923 2033 1109 2083 Consecrentur
1119 2048 1208 2082 manus
1220 2032 1283 2082 istae
1294 2048 1332 2097 qs.
1346 2032 1404 2080 dne.

987 2100 1020 2148 de
1030 2098 1089 2175 0100
1100 2106 1197 2157 sancto,
1213 2110 1268 2159 124.

986 2180 1032 2229 per
1042 2172 1126 2224 istam,
1143 2176 1196 2213 122.

923 2242 1061 2292 Consolare
1071 2242 1131 2292 dne.
1141 2243 1206 2291 hanc
1217 2240 1345 2299 famulam,
1362 2250 1417 2301 139.

923 2320 1036 2371 Coronet
1047 2327 1072 2370 te
1082 2321 1123 2370 ds.
1135 2335 1228 2369 corona
1238 2317 1343 2381 gloriae,
1359 2330 1414 2378 144.

921 2399 1030 2450 Creator
1036 2406 1062 2449 01
1070 2405 1231 2448 conservator
1238 2395 1343 2446 humani
1349 2393 1459 2459 generis,
1475 2406 1534 2461 151.

921 2476 1056 2528 Credimus
1066 2475 1093 2525 in
1104 2490 1183 2524 unum
1195 2475 1280 2534 deum,
1296 2484 1351 2538 154.

921 2554 990 2605 me
1001 2553 1075 2619 pellit
1085 2553 1194 2611 hostem,
1210 2552 1251 2614 76.

921 2637 1001 2688 Cuius
1013 2637 1143 2686 inmensae
1154 2634 1330 2695 miserationis,
1346 2646 1398 2697 113.

920 2889 963 2939 Da
973 2905 1154 3004 (1111111111111111110
1166 2963 1210 3003 110
1222 2955 1257 3003 N.
1266 2953 1459 3018 indulgentiam,
1472 2967 1530 3017 132.

939 3070 941 3074 .
985 3035 1067 3085 omps.
1080 3020 1118 3070 ds.
1132 3028 1161 3070 ut
1171 3020 1234 3070 haec
1245 3020 1348 3078 famula,
1365 3031 1420 3080 139.

919 3097 971 3148 Dei
983 3098 1065 3147 Patris
1076 3097 1257 3163 omnipotentis
1267 3096 1476 3156 misericordiam,
1486 3095 1530 3158 87.

920 3178 1067 3228 Descendat
1078 3195 1116 3242 qs.
1131 3180 1190 3228 dne.
1204 3179 1253 3239 ds.‚
1267 3191 1307 3240 90.

920 3263 972 3312 Det
982 3260 1056 3310 vobis
1067 3260 1184 3309 dominus

984 3341 1074 3376 munus
1084 3341 1146 3375 suae
1157 3325 1347 3384 benedictionis,
1359 3326 1399 3374 26.

984 3408 1064 3457 omps.
1076 3407 1168 3454 magna
1179 3390 1304 3454 mysteria,
1317 3403 1342 3452 9.

920 3475 1004 3524 Deum
1016 3474 1168 3523 indultorem
1180 3473 1321 3533 criminum,
1337 3487 1391 3524 110.

920 3557 1005 3606 Deum
1017 3557 1117 3606 Patrem
1129 3556 1329 3621 omnipotentem

985 3622 1112 3687 supplices
1123 3622 1288 3686 deprecemur
1297 3631 1327 3671 ut
1337 3622 1415 3681 hunc,
1431 3633 1487 3684 117.

985 3688 1131 3753 suppliciter
1143 3689 1307 3752 deprecemur
1318 3694 1345 3737 ut
1356 3687 1432 3746 hunc,
1447 3689 1505 3738 116.

920 3769 1006 3818 Deum
1017 3768 1188 3819 universitatis
1199 3769 1330 3830 artificem,
1342 3767 1383 3832 84

921 3860 992 3909 Deus
1004 3860 1134 3909 Abraham
1147 3861 1187 3910 ds.
1200 3861 1273 3910 Isaac
1285 3861 1332 3920 [et]
1342 3861 1381 3909 ds.
1392 3861 1476 3925 Jacob

985 3925 1092 3974 benedic
1104 3926 1286 3986 adolescentes,
1302 3935 1356 3987 151.

986 3990 1040 4054 ipse
1051 3990 1185 4055 coniungat
1195 4007 1248 4050 vos,
1265 4000 1318 4054 151.

921 4068 992 4117 Deus

987 4131 1019 4181 ad
1031 4132 1101 4182 cuius
1112 4133 1265 4194 sepulcrum,
1278 4145 1317 4194 94.

986 4204 1104 4247 aeternae
1115 4198 1236 4248 bonitatis
1247 4199 1328 4263 origo,
1342 4208 1381 4262 50.

985 4271 1143 4312 aeternorum
1155 4265 1281 4313 bonorum
1292 4263 1445 4320 fidelissime,
1459 4263 1517 4328 138.

986 4327 1192 4378 benedictionum
1203 4331 1316 4379 omnium
1327 4329 1420 4392 largus,
1433 4338 1474 4392 53.

921 4419 993 4470 Deus
1003 4411 1128 4470 bonamm
1139 4421 1261 4471 virtutum
1272 4422 1345 4470 dator

986 4492 1011 4534 et
1023 4485 1138 4535 omniurn
1156 4524 1162 4536 .
1182 4524 1189 4537 .
1209 4523 1216 4536 .
1234 4487 1300 4536 hanc
1310 4493 1415 4546 vestem,
1431 4495 1486 4549 135.

985 4559 1011 4601 01
1023 4551 1155 4602 omnium.
1170 4588 1177 4602 .
1193 4591 1199 4602 .
1213 4553 1262 4602 boc
1274 4552 1459 4611 vestimentum,
1472 4563 1529 4615 132.
