<?xml version="1.0" encoding="UTF-8"?>
<!DOCTYPE html PUBLIC "-//W3C//DTD XHTML 1.0 Transitional//EN"
    "http://www.w3.org/TR/xhtml1/DTD/xhtml1-transitional.dtd">
<html xmlns="http://www.w3.org/1999/xhtml" xml:lang="en" lang="en">
 <head>
  <title>
</title>
<meta http-equiv="Content-Type" content="text/html;charset=utf-8" />
  <meta name='ocr-system' content='tesseract 3.04.00' />
  <meta name='ocr-capabilities' content='ocr_page ocr_carea ocr_par ocr_line ocrx_word'/>
</head>
<body>
  <div class='ocr_page' id='page_1' title='image "benedictionalar00munigoog_0243.png"; bbox 0 0 3375 5250; ppageno 0'>
   <div class='ocr_carea' id='block_1_1' title="bbox 474 406 1075 457">
    <p class='ocr_par' dir='ltr' id='par_1_1' title="bbox 474 406 1075 457">
     <span class='ocr_line' id='line_1_1' title="bbox 474 406 1075 457; baseline -0.002 0"><span class='ocrx_word' id='word_1_1' title='bbox 474 408 605 457; x_wconf 85' lang='lat' dir='ltr'><em>INDEX</em></span> <span class='ocrx_word' id='word_1_2' title='bbox 626 408 676 457; x_wconf 86' lang='lat' dir='ltr'>OF</span> <span class='ocrx_word' id='word_1_3' title='bbox 692 406 922 457; x_wconf 85' lang='lat' dir='ltr'><em>LITURGICAL</em></span> <span class='ocrx_word' id='word_1_4' title='bbox 943 406 1075 456; x_wconf 84' lang='lat' dir='ltr'>FORMS.</span> 
     </span>
    </p>
   </div>
   <div class='ocr_carea' id='block_1_2' title="bbox 147 573 497 635">
    <p class='ocr_par' dir='ltr' id='par_1_2' title="bbox 147 573 497 635">
     <span class='ocr_line' id='line_1_2' title="bbox 147 573 497 635; baseline -0.003 -16"><span class='ocrx_word' id='word_1_5' title='bbox 147 573 216 620; x_wconf 90' lang='lat' dir='ltr'>Deus</span> <span class='ocrx_word' id='word_1_6' title='bbox 228 577 351 620; x_wconf 88' lang='lat' dir='ltr'>castorum</span> <span class='ocrx_word' id='word_1_7' title='bbox 363 585 497 635; x_wconf 87' lang='lat' dir='ltr'>corporum</span> 
     </span>
    </p>
   </div>
   <div class='ocr_carea' id='block_1_3' title="bbox 212 632 751 896">
    <p class='ocr_par' dir='ltr' id='par_1_3' title="bbox 213 632 751 763">
     <span class='ocr_line' id='line_1_3' title="bbox 213 632 751 699; baseline -0.006 -14"><span class='ocrx_word' id='word_1_8' title='bbox 213 636 336 699; x_wconf 85' lang='lat' dir='ltr'>benignus</span> <span class='ocrx_word' id='word_1_9' title='bbox 358 636 514 685; x_wconf 82' lang='lat' dir='ltr'>inhabitator</span> <span class='ocrx_word' id='word_1_10' title='bbox 536 643 561 685; x_wconf 91' lang='lat' dir='ltr'>et</span> <span class='ocrx_word' id='word_1_11' title='bbox 590 672 596 685; x_wconf 98' lang='lat'>.</span> <span class='ocrx_word' id='word_1_12' title='bbox 630 669 636 683; x_wconf 92' lang='lat'>.</span> <span class='ocrx_word' id='word_1_13' title='bbox 663 669 670 683; x_wconf 92' lang='lat'>.</span> <span class='ocrx_word' id='word_1_14' title='bbox 698 632 751 683; x_wconf 87' lang='lat' dir='ltr'>ani·</span> 
     </span>
     <span class='ocr_line' id='line_1_4' title="bbox 245 702 495 763; baseline -0.008 -12"><span class='ocrx_word' id='word_1_15' title='bbox 245 716 342 751; x_wconf 89' lang='lat' dir='ltr'>marum</span> <span class='ocrx_word' id='word_1_16' title='bbox 353 702 424 760; x_wconf 90' lang='lat' dir='ltr'>deus,</span> <span class='ocrx_word' id='word_1_17' title='bbox 441 713 495 763; x_wconf 86' lang='lat'>137.</span> 
     </span>
    </p>

    <p class='ocr_par' dir='ltr' id='par_1_4' title="bbox 212 761 749 896">
     <span class='ocr_line' id='line_1_5' title="bbox 212 761 749 831; baseline -0.004 -16"><span class='ocrx_word' id='word_1_18' title='bbox 212 765 336 831; x_wconf 88' lang='lat' dir='ltr'>benignus</span> <span class='ocrx_word' id='word_1_19' title='bbox 357 766 513 816; x_wconf 82' lang='lat' dir='ltr'>inhabitator</span> <span class='ocrx_word' id='word_1_20' title='bbox 534 774 561 816; x_wconf 90' lang='lat' dir='ltr'>et</span> <span class='ocrx_word' id='word_1_21' title='bbox 591 802 598 815; x_wconf 92' lang='lat'>.</span> <span class='ocrx_word' id='word_1_22' title='bbox 629 800 635 815; x_wconf 93' lang='lat'>.</span> <span class='ocrx_word' id='word_1_23' title='bbox 663 801 671 814; x_wconf 95' lang='lat'>.</span> <span class='ocrx_word' id='word_1_24' title='bbox 697 761 749 813; x_wconf 88' lang='lat' dir='ltr'>ani·</span> 
     </span>
     <span class='ocr_line' id='line_1_6' title="bbox 242 832 526 896; baseline 0.004 -16"><span class='ocrx_word' id='word_1_25' title='bbox 242 847 339 881; x_wconf 89' lang='lat' dir='ltr'>marum</span> <span class='ocrx_word' id='word_1_26' title='bbox 351 832 455 896; x_wconf 87' lang='lat' dir='ltr'>respice,</span> <span class='ocrx_word' id='word_1_27' title='bbox 472 844 526 895; x_wconf 88' lang='lat'>139.</span> 
     </span>
    </p>
   </div>
   <div class='ocr_carea' id='block_1_4' title="bbox 147 910 216 959">
    <p class='ocr_par' dir='ltr' id='par_1_5' title="bbox 147 910 216 959">
     <span class='ocr_line' id='line_1_7' title="bbox 147 910 216 959; baseline 0 -2"><span class='ocrx_word' id='word_1_28' title='bbox 147 910 216 959; x_wconf 90' lang='lat' dir='ltr'>Deus</span> 
     </span>
    </p>
   </div>
   <div class='ocr_carea' id='block_1_5' title="bbox 210 974 671 1168">
    <p class='ocr_par' dir='ltr' id='par_1_6' title="bbox 210 974 671 1168">
     <span class='ocr_line' id='line_1_8' title="bbox 211 974 581 1037; baseline 0 -14"><span class='ocrx_word' id='word_1_29' title='bbox 211 982 308 1023; x_wconf 89' lang='lat' dir='ltr'>creator</span> <span class='ocrx_word' id='word_1_30' title='bbox 319 982 344 1025; x_wconf 92' lang='lat' dir='ltr'>et</span> <span class='ocrx_word' id='word_1_31' title='bbox 356 984 524 1037; x_wconf 88' lang='lat' dir='ltr'>conservator,</span> <span class='ocrx_word' id='word_1_32' title='bbox 539 974 581 1025; x_wconf 89' lang='lat'>80.</span> 
     </span>
     <span class='ocr_line' id='line_1_9' title="bbox 211 1037 671 1103; baseline -0.002 -15"><span class='ocrx_word' id='word_1_33' title='bbox 211 1038 251 1088; x_wconf 91' lang='lat' dir='ltr'>cui</span> <span class='ocrx_word' id='word_1_34' title='bbox 262 1040 346 1090; x_wconf 85' lang='lat' dir='ltr'>adstat</span> <span class='ocrx_word' id='word_1_35' title='bbox 358 1040 505 1103; x_wconf 89' lang='lat' dir='ltr'>angelorum</span> <span class='ocrx_word' id='word_1_36' title='bbox 516 1040 617 1098; x_wconf 87' lang='lat' dir='ltr'>chorus,</span> <span class='ocrx_word' id='word_1_37' title='bbox 630 1037 671 1101; x_wconf 87' lang='lat'>98.</span> 
     </span>
     <span class='ocr_line' id='line_1_10' title="bbox 210 1104 582 1168; baseline 0.005 -15"><span class='ocrx_word' id='word_1_38' title='bbox 210 1104 251 1153; x_wconf 93' lang='lat' dir='ltr'>cui</span> <span class='ocrx_word' id='word_1_39' title='bbox 263 1114 368 1156; x_wconf 87' lang='lat' dir='ltr'>cunctae</span> <span class='ocrx_word' id='word_1_40' title='bbox 380 1105 510 1167; x_wconf 88' lang='lat' dir='ltr'>obediunt,</span> <span class='ocrx_word' id='word_1_41' title='bbox 527 1116 582 1168; x_wconf 87' lang='lat'><strong>107.</strong></span> 
     </span>
    </p>
   </div>
   <div class='ocr_carea' id='block_1_6' title="bbox 146 1182 299 1233">
    <p class='ocr_par' dir='ltr' id='par_1_7' title="bbox 146 1182 299 1233">
     <span class='ocr_line' id='line_1_11' title="bbox 146 1182 299 1233; baseline 0.013 -3"><span class='ocrx_word' id='word_1_42' title='bbox 146 1184 217 1231; x_wconf 89' lang='lat' dir='ltr'>Deus</span> <span class='ocrx_word' id='word_1_43' title='bbox 228 1182 299 1233; x_wconf 89' lang='lat' dir='ltr'>cuius</span> 
     </span>
    </p>
   </div>
   <div class='ocr_carea' id='block_1_7' title="bbox 209 1245 748 1900">
    <p class='ocr_par' dir='ltr' id='par_1_8' title="bbox 210 1245 616 1313">
     <span class='ocr_line' id='line_1_12' title="bbox 210 1245 616 1313; baseline 0.002 -16"><span class='ocrx_word' id='word_1_44' title='bbox 210 1247 312 1298; x_wconf 89' lang='lat' dir='ltr'>bonitas</span> <span class='ocrx_word' id='word_1_45' title='bbox 323 1264 370 1298; x_wconf 88' lang='lat' dir='ltr'>nec</span> <span class='ocrx_word' id='word_1_46' title='bbox 382 1245 544 1313; x_wconf 86' lang='lat' dir='ltr'>principium,</span> <span class='ocrx_word' id='word_1_47' title='bbox 561 1260 616 1298; x_wconf 90' lang='lat'>111.</span> 
     </span>
    </p>

    <p class='ocr_par' dir='ltr' id='par_1_9' title="bbox 210 1311 748 1651">
     <span class='ocr_line' id='line_1_13' title="bbox 211 1311 748 1379; baseline -0.002 -16"><span class='ocrx_word' id='word_1_48' title='bbox 211 1320 248 1363; x_wconf 89' lang='lat' dir='ltr'>est</span> <span class='ocrx_word' id='word_1_49' title='bbox 265 1314 347 1363; x_wconf 91' lang='lat' dir='ltr'>omnis</span> <span class='ocrx_word' id='word_1_50' title='bbox 364 1322 476 1379; x_wconf 89' lang='lat' dir='ltr'>potestas</span> <span class='ocrx_word' id='word_1_51' title='bbox 494 1348 529 1370; x_wconf 71' lang='grc'>..</span> <span class='ocrx_word' id='word_1_52' title='bbox 549 1350 556 1364; x_wconf 95' lang='grc'><strong>.</strong></span> <span class='ocrx_word' id='word_1_53' title='bbox 577 1311 748 1371; x_wconf 72' lang='lat' dir='ltr'>dalmatae,</span> 
     </span>
     <span class='ocr_line' id='line_1_14' title="bbox 210 1376 747 1558; baseline -0.006 -64"><span class='ocrx_word' id='word_1_54' title='bbox 210 1376 363 1558; x_wconf 52' lang='lat' dir='ltr'>estliirimisg</span> <span class='ocrx_word' id='word_1_55' title='bbox 375 1451 512 1509; x_wconf 88' lang='lat' dir='ltr'>potestas.</span> <span class='ocrx_word' id='word_1_56' title='bbox 532 1480 538 1493; x_wconf 98' lang='lat'>.</span> <span class='ocrx_word' id='word_1_57' title='bbox 560 1480 566 1492; x_wconf 97' lang='lat'>.</span> <span class='ocrx_word' id='word_1_58' title='bbox 585 1443 619 1492; x_wconf 89' lang='lat' dir='ltr'>da</span> <span class='ocrx_word' id='word_1_59' title='bbox 641 1442 747 1503; x_wconf 79' lang='lat' dir='ltr'>famulo,</span> 
     </span>
     <span class='ocr_line' id='line_1_15' title="bbox 210 1521 487 1651; baseline 0.007 -29"><span class='ocrx_word' id='word_1_60' title='bbox 210 1521 433 1651; x_wconf 55' lang='lat' dir='ltr'>fi13i4s⁴fi3i2⁵siruta</span> <span class='ocrx_word' id='word_1_61' title='bbox 449 1588 487 1624; x_wconf 88' lang='lat'>12.</span> 
     </span>
    </p>

    <p class='ocr_par' dir='ltr' id='par_1_10' title="bbox 210 1648 561 1699">
     <span class='ocr_line' id='line_1_16' title="bbox 210 1648 561 1699; baseline 0.006 -12"><span class='ocrx_word' id='word_1_62' title='bbox 210 1648 369 1689; x_wconf 81' lang='lat' dir='ltr'>miseratione</span> <span class='ocrx_word' id='word_1_63' title='bbox 381 1656 488 1699; x_wconf 85' lang='lat' dir='ltr'>ammae,</span> <span class='ocrx_word' id='word_1_64' title='bbox 505 1650 561 1689; x_wconf 90' lang='lat'>102.</span> 
     </span>
    </p>

    <p class='ocr_par' dir='ltr' id='par_1_11' title="bbox 209 1705 595 1769">
     <span class='ocr_line' id='line_1_17' title="bbox 209 1705 595 1769; baseline 0.003 -16"><span class='ocrx_word' id='word_1_65' title='bbox 209 1706 298 1769; x_wconf 91' lang='lat' dir='ltr'>spiritu</span> <span class='ocrx_word' id='word_1_66' title='bbox 310 1712 424 1755; x_wconf 89' lang='lat' dir='ltr'>creatura</span> <span class='ocrx_word' id='word_1_67' title='bbox 434 1705 524 1766; x_wconf 90' lang='lat' dir='ltr'>omnis,</span> <span class='ocrx_word' id='word_1_68' title='bbox 539 1715 595 1769; x_wconf 93' lang='grc'><strong>115.</strong></span> 
     </span>
    </p>

    <p class='ocr_par' dir='ltr' id='par_1_12' title="bbox 209 1769 542 1834">
     <span class='ocr_line' id='line_1_18' title="bbox 209 1769 542 1834; baseline 0 -15"><span class='ocrx_word' id='word_1_69' title='bbox 209 1769 332 1834; x_wconf 86' lang='lat' dir='ltr'>unigeniti</span> <span class='ocrx_word' id='word_1_70' title='bbox 343 1772 488 1830; x_wconf 87' lang='lat' dir='ltr'>adventum,</span> <span class='ocrx_word' id='word_1_71' title='bbox 501 1783 542 1832; x_wconf 90' lang='lat'>29.</span> 
     </span>
    </p>

    <p class='ocr_par' dir='ltr' id='par_1_13' title="bbox 209 1834 745 1900">
     <span class='ocr_line' id='line_1_19' title="bbox 209 1834 745 1900; baseline 0.006 -16"><span class='ocrx_word' id='word_1_72' title='bbox 209 1836 353 1900; x_wconf 87' lang='lat' dir='ltr'>unigenitus</span> <span class='ocrx_word' id='word_1_73' title='bbox 364 1836 486 1886; x_wconf 88' lang='lat' dir='ltr'>hodierna</span> <span class='ocrx_word' id='word_1_74' title='bbox 498 1836 541 1886; x_wconf 90' lang='lat' dir='ltr'>die</span> <span class='ocrx_word' id='word_1_75' title='bbox 551 1834 690 1900; x_wconf 87' lang='lat' dir='ltr'>discipulis,</span> <span class='ocrx_word' id='word_1_76' title='bbox 707 1834 745 1887; x_wconf 89' lang='lat'>18.</span> 
     </span>
    </p>
   </div>
   <div class='ocr_carea' id='block_1_8' title="bbox 146 1917 217 1967">
    <p class='ocr_par' dir='ltr' id='par_1_14' title="bbox 146 1917 217 1967">
     <span class='ocr_line' id='line_1_20' title="bbox 146 1917 217 1967; baseline 0 -2"><span class='ocrx_word' id='word_1_77' title='bbox 146 1917 217 1967; x_wconf 89' lang='lat' dir='ltr'>Deus</span> 
     </span>
    </p>
   </div>
   <div class='ocr_carea' id='block_1_9' title="bbox 207 1980 734 2307">
    <p class='ocr_par' dir='ltr' id='par_1_15' title="bbox 208 1980 618 2110">
     <span class='ocr_line' id='line_1_21' title="bbox 208 1980 618 2047; baseline 0.002 -16"><span class='ocrx_word' id='word_1_78' title='bbox 208 1981 250 2031; x_wconf 90' lang='lat' dir='ltr'>dei</span> <span class='ocrx_word' id='word_1_79' title='bbox 262 1980 329 2031; x_wconf 87' lang='lat' dir='ltr'>filius</span> <span class='ocrx_word' id='word_1_80' title='bbox 342 1983 411 2033; x_wconf 78' lang='lat' dir='ltr'>lesus</span> <span class='ocrx_word' id='word_1_81' title='bbox 424 1980 547 2041; x_wconf 88' lang='lat' dir='ltr'>Christus,</span> <span class='ocrx_word' id='word_1_82' title='bbox 563 1995 618 2047; x_wconf 87' lang='lat'>143.</span> 
     </span>
     <span class='ocr_line' id='line_1_22' title="bbox 208 2048 557 2110; baseline -0.006 -13"><span class='ocrx_word' id='word_1_83' title='bbox 208 2048 345 2097; x_wconf 89' lang='lat' dir='ltr'>electorum</span> <span class='ocrx_word' id='word_1_84' title='bbox 356 2048 487 2107; x_wconf 82' lang='lat' dir='ltr'>tortitudo,</span> <span class='ocrx_word' id='word_1_85' title='bbox 503 2060 557 2110; x_wconf 86' lang='lat'>143.</span> 
     </span>
    </p>

    <p class='ocr_par' dir='ltr' id='par_1_16' title="bbox 207 2112 734 2307">
     <span class='ocr_line' id='line_1_23' title="bbox 208 2112 734 2177; baseline 0.004 -16"><span class='ocrx_word' id='word_1_86' title='bbox 208 2119 233 2161; x_wconf 91' lang='lat' dir='ltr'>et</span> <span class='ocrx_word' id='word_1_87' title='bbox 247 2114 321 2163; x_wconf 86' lang='lat' dir='ltr'>Pater</span> <span class='ocrx_word' id='word_1_88' title='bbox 332 2114 385 2164; x_wconf 90' lang='lat' dir='ltr'>dni.</span> <span class='ocrx_word' id='word_1_89' title='bbox 398 2114 478 2163; x_wconf 88' lang='lat' dir='ltr'>nostri</span> <span class='ocrx_word' id='word_1_90' title='bbox 490 2113 549 2161; x_wconf 90' lang='lat' dir='ltr'>lesu</span> <span class='ocrx_word' id='word_1_91' title='bbox 560 2112 664 2174; x_wconf 88' lang='lat' dir='ltr'>Christi,</span> <span class='ocrx_word' id='word_1_92' title='bbox 680 2113 734 2177; x_wconf 91' lang='grc'><strong>165.</strong></span> 
     </span>
     <span class='ocr_line' id='line_1_24' title="bbox 208 2178 643 2243; baseline 0.007 -17"><span class='ocrx_word' id='word_1_93' title='bbox 208 2178 265 2227; x_wconf 83' lang='lat' dir='ltr'>sons</span> <span class='ocrx_word' id='word_1_94' title='bbox 278 2178 450 2243; x_wconf 83' lang='lat' dir='ltr'>indulgentiae</span> <span class='ocrx_word' id='word_1_95' title='bbox 462 2178 588 2242; x_wconf 89' lang='lat' dir='ltr'>suscipiat,</span> <span class='ocrx_word' id='word_1_96' title='bbox 603 2191 643 2241; x_wconf 89' lang='lat'>30.</span> 
     </span>
     <span class='ocr_line' id='line_1_25' title="bbox 207 2242 624 2307; baseline 0.005 -16"><span class='ocrx_word' id='word_1_97' title='bbox 207 2242 305 2307; x_wconf 84' lang='lat' dir='ltr'>gloriae</span> <span class='ocrx_word' id='word_1_98' title='bbox 316 2245 428 2293; x_wconf 84' lang='lat' dir='ltr'>excelsae</span> <span class='ocrx_word' id='word_1_99' title='bbox 438 2244 552 2305; x_wconf 84' lang='lat' dir='ltr'>sabaoth,</span> <span class='ocrx_word' id='word_1_100' title='bbox 570 2244 624 2293; x_wconf 90' lang='lat'>106.</span> 
     </span>
    </p>
   </div>
   <div class='ocr_carea' id='block_1_10' title="bbox 144 2326 475 2378">
    <p class='ocr_par' dir='ltr' id='par_1_17' title="bbox 144 2326 475 2378">
     <span class='ocr_line' id='line_1_26' title="bbox 144 2326 475 2378; baseline 0.012 -4"><span class='ocrx_word' id='word_1_101' title='bbox 144 2326 215 2376; x_wconf 90' lang='lat' dir='ltr'>Deus</span> <span class='ocrx_word' id='word_1_102' title='bbox 226 2327 350 2377; x_wconf 88' lang='lat' dir='ltr'>honorum</span> <span class='ocrx_word' id='word_1_103' title='bbox 361 2328 475 2378; x_wconf 90' lang='lat' dir='ltr'>omnium</span> 
     </span>
    </p>
   </div>
   <div class='ocr_carea' id='block_1_11' title="bbox 208 2392 747 2652">
    <p class='ocr_par' dir='ltr' id='par_1_18' title="bbox 208 2392 747 2652">
     <span class='ocr_line' id='line_1_27' title="bbox 208 2392 746 2460; baseline 0.007 -20"><span class='ocrx_word' id='word_1_104' title='bbox 208 2392 269 2442; x_wconf 87' lang='lat' dir='ltr'>deus</span> <span class='ocrx_word' id='word_1_105' title='bbox 286 2393 398 2443; x_wconf 89' lang='lat' dir='ltr'>omnium</span> <span class='ocrx_word' id='word_1_106' title='bbox 415 2431 421 2443; x_wconf 94' lang='lat'>.</span> <span class='ocrx_word' id='word_1_107' title='bbox 441 2431 447 2443; x_wconf 99' lang='lat'>.</span> <span class='ocrx_word' id='word_1_108' title='bbox 469 2431 476 2443; x_wconf 92' lang='lat'>.</span> <span class='ocrx_word' id='word_1_109' title='bbox 494 2393 624 2443; x_wconf 88' lang='lat' dir='ltr'>ordinibus</span> <span class='ocrx_word' id='word_1_110' title='bbox 641 2394 678 2445; x_wconf 88' lang='lat' dir='ltr'>ds.</span> <span class='ocrx_word' id='word_1_111' title='bbox 692 2392 746 2460; x_wconf 87' lang='lat' dir='ltr'>qui,</span> 
     </span>
     <span class='ocr_line' id='line_1_28' title="bbox 208 2467 747 2575; baseline 0.009 -5"><span class='ocrx_word' id='word_1_112' title='bbox 208 2467 409 2573; x_wconf 55' lang='lat' dir='ltr'>derigsbmnium</span> <span class='ocrx_word' id='word_1_113' title='bbox 433 2560 439 2574; x_wconf 91' lang='lat'>.</span> <span class='ocrx_word' id='word_1_114' title='bbox 465 2562 472 2574; x_wconf 96' lang='lat'>.</span> <span class='ocrx_word' id='word_1_115' title='bbox 498 2561 505 2574; x_wconf 94' lang='lat'>.</span> <span class='ocrx_word' id='word_1_116' title='bbox 530 2524 660 2575; x_wconf 92' lang='lat' dir='ltr'>ordinibus</span> <span class='ocrx_word' id='word_1_117' title='bbox 688 2525 747 2575; x_wconf 87' lang='lat' dir='ltr'>huic</span> 
     </span>
     <span class='ocr_line' id='line_1_29' title="bbox 241 2588 417 2652; baseline 0.006 -13"><span class='ocrx_word' id='word_1_118' title='bbox 241 2588 345 2650; x_wconf 83' lang='lat' dir='ltr'>famulo,</span> <span class='ocrx_word' id='word_1_119' title='bbox 362 2602 417 2652; x_wconf 90' lang='lat'>129.</span> 
     </span>
    </p>
   </div>
   <div class='ocr_carea' id='block_1_12' title="bbox 141 2666 212 2716">
    <p class='ocr_par' dir='ltr' id='par_1_19' title="bbox 141 2666 212 2716">
     <span class='ocr_line' id='line_1_30' title="bbox 141 2666 212 2716; baseline 0.028 -2"><span class='ocrx_word' id='word_1_120' title='bbox 141 2666 212 2716; x_wconf 89' lang='lat' dir='ltr'>Deus</span> 
     </span>
    </p>
   </div>
   <div class='ocr_carea' id='block_1_13' title="bbox 207 2730 674 2924">
    <p class='ocr_par' dir='ltr' id='par_1_20' title="bbox 207 2730 674 2924">
     <span class='ocr_line' id='line_1_31' title="bbox 207 2730 674 2806; baseline 0.004 -26"><span class='ocrx_word' id='word_1_121' title='bbox 207 2730 312 2806; x_wconf 81' lang='lat' dir='ltr'>humani</span> <span class='ocrx_word' id='word_1_122' title='bbox 322 2732 421 2795; x_wconf 87' lang='lat' dir='ltr'>generis</span> <span class='ocrx_word' id='word_1_123' title='bbox 432 2733 619 2796; x_wconf 84' lang='lat' dir='ltr'>benignissime,</span> <span class='ocrx_word' id='word_1_124' title='bbox 633 2741 674 2796; x_wconf 83' lang='lat'>59.</span> 
     </span>
     <span class='ocr_line' id='line_1_32' title="bbox 207 2798 521 2862; baseline 0.003 -17"><span class='ocrx_word' id='word_1_125' title='bbox 207 2812 234 2845; x_wconf 92' lang='grc'>11</span> <span class='ocrx_word' id='word_1_126' title='bbox 245 2804 334 2847; x_wconf 89' lang='lat' dir='ltr'>sancto</span> <span class='ocrx_word' id='word_1_127' title='bbox 345 2798 386 2847; x_wconf 85' lang='lat' dir='ltr'>via</span> <span class='ocrx_word' id='word_1_128' title='bbox 398 2806 451 2858; x_wconf 90' lang='lat' dir='ltr'>tua,</span> <span class='ocrx_word' id='word_1_129' title='bbox 467 2808 521 2862; x_wconf 89' lang='grc'><strong>105.</strong></span> 
     </span>
     <span class='ocr_line' id='line_1_33' title="bbox 209 2861 568 2924; baseline 0.008 -14"><span class='ocrx_word' id='word_1_130' title='bbox 209 2861 368 2912; x_wconf 80' lang='lat' dir='ltr'>innocentiae</span> <span class='ocrx_word' id='word_1_131' title='bbox 378 2862 514 2924; x_wconf 84' lang='lat' dir='ltr'>restitutor,</span> <span class='ocrx_word' id='word_1_132' title='bbox 527 2862 568 2913; x_wconf 88' lang='lat'>60.</span> 
     </span>
    </p>
   </div>
   <div class='ocr_carea' id='block_1_14' title="bbox 145 2951 445 3004">
    <p class='ocr_par' dir='ltr' id='par_1_21' title="bbox 145 2951 445 3004">
     <span class='ocr_line' id='line_1_34' title="bbox 145 2951 445 3004; baseline 0.007 -4"><span class='ocrx_word' id='word_1_133' title='bbox 145 2952 214 3001; x_wconf 89' lang='lat' dir='ltr'>Deus</span> <span class='ocrx_word' id='word_1_134' title='bbox 224 2951 334 3002; x_wconf 91' lang='lat' dir='ltr'>invictae</span> <span class='ocrx_word' id='word_1_135' title='bbox 345 2952 445 3004; x_wconf 85' lang='lat' dir='ltr'>virtutis</span> 
     </span>
    </p>
   </div>
   <div class='ocr_carea' id='block_1_15' title="bbox 208 3025 456 3148">
    <p class='ocr_par' dir='ltr' id='par_1_22' title="bbox 208 3025 456 3148">
     <span class='ocr_line' id='line_1_35' title="bbox 208 3025 360 3080; baseline 0 -14"><span class='ocrx_word' id='word_1_136' title='bbox 208 3025 305 3077; x_wconf 87' lang='lat' dir='ltr'>auctor,</span> <span class='ocrx_word' id='word_1_137' title='bbox 320 3027 360 3080; x_wconf 87' lang='lat'>79.</span> 
     </span>
     <span class='ocr_line' id='line_1_36' title="bbox 208 3082 456 3148; baseline 0.004 -17"><span class='ocrx_word' id='word_1_138' title='bbox 208 3082 385 3148; x_wconf 89' lang='lat' dir='ltr'>triumphator,</span> <span class='ocrx_word' id='word_1_139' title='bbox 401 3095 456 3133; x_wconf 88' lang='lat'>121.</span> 
     </span>
    </p>
   </div>
   <div class='ocr_carea' id='block_1_16' title="bbox 143 3171 465 3368">
    <p class='ocr_par' dir='ltr' id='par_1_23' title="bbox 143 3171 465 3368">
     <span class='ocr_line' id='line_1_37' title="bbox 143 3171 465 3236; baseline 0 -16"><span class='ocrx_word' id='word_1_140' title='bbox 143 3172 214 3222; x_wconf 88' lang='lat' dir='ltr'>Deus</span> <span class='ocrx_word' id='word_1_141' title='bbox 224 3171 310 3220; x_wconf 89' lang='lat' dir='ltr'>lumen</span> <span class='ocrx_word' id='word_1_142' title='bbox 322 3187 409 3231; x_wconf 88' lang='lat' dir='ltr'>verum</span> <span class='ocrx_word' id='word_1_143' title='bbox 421 3174 465 3236; x_wconf 87' lang='lat' dir='ltr'>qui</span> 
     </span>
     <span class='ocr_line' id='line_1_38' title="bbox 206 3235 406 3313; baseline -0.005 -26"><span class='ocrx_word' id='word_1_144' title='bbox 206 3237 289 3312; x_wconf 76' lang='lat' dir='ltr'>prima</span> <span class='ocrx_word' id='word_1_145' title='bbox 301 3237 351 3313; x_wconf 80' lang='lat' dir='ltr'>die,</span> <span class='ocrx_word' id='word_1_146' title='bbox 365 3235 406 3298; x_wconf 91' lang='lat'>48.</span> 
     </span>
     <span class='ocr_line' id='line_1_39' title="bbox 205 3310 411 3368; baseline 0 -16"><span class='ocrx_word' id='word_1_147' title='bbox 205 3310 373 3368; x_wconf 79' lang='lat' dir='ltr'>umgenitum,</span> <span class='ocrx_word' id='word_1_148' title='bbox 388 3315 411 3364; x_wconf 88' lang='lat'>7.</span> 
     </span>
    </p>
   </div>
   <div class='ocr_carea' id='block_1_17' title="bbox 141 3380 211 3430">
    <p class='ocr_par' dir='ltr' id='par_1_24' title="bbox 141 3380 211 3430">
     <span class='ocr_line' id='line_1_40' title="bbox 141 3380 211 3430; baseline 0.029 -2"><span class='ocrx_word' id='word_1_149' title='bbox 141 3380 211 3430; x_wconf 87' lang='lat' dir='ltr'>Deus</span> 
     </span>
    </p>
   </div>
   <div class='ocr_carea' id='block_1_18' title="bbox 205 3443 607 3578">
    <p class='ocr_par' dir='ltr' id='par_1_25' title="bbox 205 3443 607 3578">
     <span class='ocr_line' id='line_1_41' title="bbox 205 3443 607 3510; baseline -0.002 -15"><span class='ocrx_word' id='word_1_150' title='bbox 205 3447 348 3497; x_wconf 89' lang='lat' dir='ltr'>misericors</span> <span class='ocrx_word' id='word_1_151' title='bbox 359 3447 421 3496; x_wconf 88' lang='lat' dir='ltr'>deus</span> <span class='ocrx_word' id='word_1_152' title='bbox 434 3445 552 3505; x_wconf 91' lang='lat' dir='ltr'>clemens,</span> <span class='ocrx_word' id='word_1_153' title='bbox 567 3443 607 3510; x_wconf 89' lang='grc'><strong>58.</strong></span> 
     </span>
     <span class='ocr_line' id='line_1_42' title="bbox 205 3509 544 3578; baseline 0.003 -18"><span class='ocrx_word' id='word_1_154' title='bbox 205 3519 291 3562; x_wconf 92' lang='lat' dir='ltr'>noster</span> <span class='ocrx_word' id='word_1_155' title='bbox 301 3511 435 3578; x_wconf 86' lang='lat' dir='ltr'>refugium,</span> <span class='ocrx_word' id='word_1_156' title='bbox 449 3511 489 3571; x_wconf 86' lang='lat'>80,</span> <span class='ocrx_word' id='word_1_157' title='bbox 502 3509 544 3574; x_wconf 83' lang='lat'>83.</span> 
     </span>
    </p>
   </div>
   <div class='ocr_carea' id='block_1_19' title="bbox 140 3601 638 3858">
    <p class='ocr_par' dir='ltr' id='par_1_26' title="bbox 140 3601 304 3667">
     <span class='ocr_line' id='line_1_43' title="bbox 140 3601 304 3667; baseline 0.024 -19"><span class='ocrx_word' id='word_1_158' title='bbox 140 3601 211 3651; x_wconf 93' lang='lat' dir='ltr'>Deus</span> <span class='ocrx_word' id='word_1_159' title='bbox 222 3617 304 3667; x_wconf 88' lang='lat' dir='ltr'>omps.</span> 
     </span>
    </p>

    <p class='ocr_par' dir='ltr' id='par_1_27' title="bbox 206 3666 638 3858">
     <span class='ocr_line' id='line_1_44' title="bbox 206 3666 612 3729; baseline 0.002 -15"><span class='ocrx_word' id='word_1_160' title='bbox 206 3667 330 3717; x_wconf 86' lang='lat' dir='ltr'>bonarum</span> <span class='ocrx_word' id='word_1_161' title='bbox 341 3666 462 3718; x_wconf 88' lang='lat' dir='ltr'>virtutum</span> <span class='ocrx_word' id='word_1_162' title='bbox 474 3669 557 3727; x_wconf 87' lang='lat' dir='ltr'>dator,</span> <span class='ocrx_word' id='word_1_163' title='bbox 571 3679 612 3729; x_wconf 88' lang='grc'>91.</span> 
     </span>
     <span class='ocr_line' id='line_1_45' title="bbox 207 3731 638 3792; baseline 0.002 -12"><span class='ocrx_word' id='word_1_164' title='bbox 207 3731 234 3780; x_wconf 92' lang='lat' dir='ltr'>in</span> <span class='ocrx_word' id='word_1_165' title='bbox 245 3731 316 3782; x_wconf 84' lang='lat' dir='ltr'>cuius</span> <span class='ocrx_word' id='word_1_166' title='bbox 326 3732 422 3782; x_wconf 91' lang='lat' dir='ltr'>honore</span> <span class='ocrx_word' id='word_1_167' title='bbox 433 3734 483 3783; x_wconf 92' lang='lat' dir='ltr'>hoc</span> <span class='ocrx_word' id='word_1_168' title='bbox 494 3733 581 3792; x_wconf 89' lang='lat' dir='ltr'>altare,</span> <span class='ocrx_word' id='word_1_169' title='bbox 596 3731 638 3782; x_wconf 90' lang='lat'>88.</span> 
     </span>
     <span class='ocr_line' id='line_1_46' title="bbox 208 3797 537 3858; baseline 0.003 -12"><span class='ocrx_word' id='word_1_170' title='bbox 208 3797 380 3848; x_wconf 84' lang='lat' dir='ltr'>universarum</span> <span class='ocrx_word' id='word_1_171' title='bbox 392 3813 483 3858; x_wconf 87' lang='lat' dir='ltr'>rerum,</span> <span class='ocrx_word' id='word_1_172' title='bbox 497 3797 537 3847; x_wconf 92' lang='lat'>86.</span> 
     </span>
    </p>
   </div>
   <div class='ocr_carea' id='block_1_20' title="bbox 141 3874 212 3924">
    <p class='ocr_par' dir='ltr' id='par_1_28' title="bbox 141 3874 212 3924">
     <span class='ocr_line' id='line_1_47' title="bbox 141 3874 212 3924; baseline 0.014 -3"><span class='ocrx_word' id='word_1_173' title='bbox 141 3874 212 3924; x_wconf 90' lang='lat' dir='ltr'>Deus</span> 
     </span>
    </p>
   </div>
   <div class='ocr_carea' id='block_1_21' title="bbox 205 3936 657 4135">
    <p class='ocr_par' dir='ltr' id='par_1_29' title="bbox 205 3936 657 4135">
     <span class='ocr_line' id='line_1_48' title="bbox 206 3936 657 4006; baseline 0.004 -19"><span class='ocrx_word' id='word_1_174' title='bbox 206 3936 383 4003; x_wconf 86' lang='lat' dir='ltr'>perpetuitatis</span> <span class='ocrx_word' id='word_1_175' title='bbox 394 3939 446 3988; x_wconf 86' lang='lat' dir='ltr'>dux</span> <span class='ocrx_word' id='word_1_176' title='bbox 456 3941 586 4002; x_wconf 88' lang='lat' dir='ltr'>virtutum,</span> <span class='ocrx_word' id='word_1_177' title='bbox 601 3950 657 4006; x_wconf 92' lang='grc'><strong>145.</strong></span> 
     </span>
     <span class='ocr_line' id='line_1_49' title="bbox 205 4003 549 4068; baseline 0.006 -16"><span class='ocrx_word' id='word_1_178' title='bbox 205 4003 358 4068; x_wconf 86' lang='lat' dir='ltr'>principium</span> <span class='ocrx_word' id='word_1_179' title='bbox 373 4005 495 4064; x_wconf 88' lang='lat' dir='ltr'>omnium,</span> <span class='ocrx_word' id='word_1_180' title='bbox 507 4018 549 4066; x_wconf 88' lang='lat'>49.</span> 
     </span>
     <span class='ocr_line' id='line_1_50' title="bbox 206 4068 610 4135; baseline 0.002 -17"><span class='ocrx_word' id='word_1_181' title='bbox 206 4084 282 4134; x_wconf 87' lang='lat' dir='ltr'>quem</span> <span class='ocrx_word' id='word_1_182' title='bbox 294 4068 387 4119; x_wconf 88' lang='lat' dir='ltr'>trinum</span> <span class='ocrx_word' id='word_1_183' title='bbox 398 4069 425 4117; x_wconf 89' lang='lat' dir='ltr'>in</span> <span class='ocrx_word' id='word_1_184' title='bbox 435 4073 557 4135; x_wconf 89' lang='lat' dir='ltr'>personis,</span> <span class='ocrx_word' id='word_1_185' title='bbox 571 4070 610 4134; x_wconf 90' lang='grc'>56.</span> 
     </span>
    </p>
   </div>
   <div class='ocr_carea' id='block_1_22' title="bbox 141 4157 643 4548">
    <p class='ocr_par' dir='ltr' id='par_1_30' title="bbox 141 4157 266 4224">
     <span class='ocr_line' id='line_1_51' title="bbox 141 4157 266 4224; baseline -0.016 -15"><span class='ocrx_word' id='word_1_186' title='bbox 141 4160 211 4209; x_wconf 87' lang='lat' dir='ltr'>Deus</span> <span class='ocrx_word' id='word_1_187' title='bbox 222 4157 266 4224; x_wconf 91' lang='lat' dir='ltr'>qui</span> 
     </span>
    </p>

    <p class='ocr_par' dir='ltr' id='par_1_31' title="bbox 205 4221 558 4299">
     <span class='ocr_line' id='line_1_52' title="bbox 205 4221 558 4299; baseline 0.006 -27"><span class='ocrx_word' id='word_1_188' title='bbox 205 4229 311 4299; x_wconf 80' lang='lat' dir='ltr'>accepto</span> <span class='ocrx_word' id='word_1_189' title='bbox 322 4230 348 4273; x_wconf 92' lang='lat' dir='ltr'>et</span> <span class='ocrx_word' id='word_1_190' title='bbox 360 4221 504 4282; x_wconf 88' lang='lat' dir='ltr'>distributo,</span> <span class='ocrx_word' id='word_1_191' title='bbox 518 4236 558 4286; x_wconf 89' lang='lat'>93.</span> 
     </span>
    </p>

    <p class='ocr_par' dir='ltr' id='par_1_32' title="bbox 204 4286 643 4548">
     <span class='ocr_line' id='line_1_53' title="bbox 205 4286 566 4365; baseline -0.003 -27"><span class='ocrx_word' id='word_1_192' title='bbox 205 4289 240 4338; x_wconf 89' lang='lat' dir='ltr'>ad</span> <span class='ocrx_word' id='word_1_193' title='bbox 250 4286 448 4349; x_wconf 88' lang='lat' dir='ltr'>sacnficaudum,</span> <span class='ocrx_word' id='word_1_194' title='bbox 463 4287 503 4365; x_wconf 82' lang='grc'><strong>85.</strong></span> <span class='ocrx_word' id='word_1_195' title='bbox 561 4353 566 4364; x_wconf 34' lang='grc'>1</span> 
     </span>
     <span class='ocr_line' id='line_1_54' title="bbox 205 4354 643 4484; baseline -0.002 -16"><span class='ocrx_word' id='word_1_196' title='bbox 205 4354 587 4484; x_wconf 49' lang='lat' dir='ltr'>:attilltttttt‘llt</span> <span class='ocrx_word' id='word_1_197' title='bbox 602 4354 643 4416; x_wconf 79' lang='lat'>⁷⁸·</span> 
     </span>
     <span class='ocr_line' id='line_1_55' title="bbox 204 4484 590 4548; baseline 0.005 -15"><span class='ocrx_word' id='word_1_198' title='bbox 204 4485 230 4534; x_wconf 89' lang='lat' dir='ltr'>b.</span> <span class='ocrx_word' id='word_1_199' title='bbox 244 4484 374 4534; x_wconf 86' lang='lat' dir='ltr'>Andream</span> <span class='ocrx_word' id='word_1_200' title='bbox 385 4484 535 4548; x_wconf 86' lang='lat' dir='ltr'>apostolum,</span> <span class='ocrx_word' id='word_1_201' title='bbox 550 4500 590 4546; x_wconf 89' lang='lat'>44.</span> 
     </span>
    </p>
   </div>
   <div class='ocr_carea' id='block_1_23' title="bbox 803 563 929 630">
    <p class='ocr_par' dir='ltr' id='par_1_33' title="bbox 803 563 929 630">
     <span class='ocr_line' id='line_1_56' title="bbox 803 563 929 630; baseline 0 -17"><span class='ocrx_word' id='word_1_202' title='bbox 803 565 874 614; x_wconf 90' lang='lat' dir='ltr'>Deus</span> <span class='ocrx_word' id='word_1_203' title='bbox 884 563 929 630; x_wconf 89' lang='lat' dir='ltr'>qui</span> 
     </span>
    </p>
   </div>
   <div class='ocr_carea' id='block_1_24' title="bbox 859 629 1397 4477">
    <p class='ocr_par' dir='ltr' id='par_1_34' title="bbox 866 629 1273 694">
     <span class='ocr_line' id='line_1_57' title="bbox 866 629 1273 694; baseline 0.007 -16"><span class='ocrx_word' id='word_1_204' title='bbox 866 629 893 680; x_wconf 93' lang='lat' dir='ltr'>b.</span> <span class='ocrx_word' id='word_1_205' title='bbox 907 630 1058 693; x_wconf 85' lang='lat' dir='ltr'>Gregorium</span> <span class='ocrx_word' id='word_1_206' title='bbox 1070 631 1218 694; x_wconf 85' lang='lat' dir='ltr'>praesulem,</span> <span class='ocrx_word' id='word_1_207' title='bbox 1233 632 1273 693; x_wconf 89' lang='lat'>36.</span> 
     </span>
    </p>

    <p class='ocr_par' dir='ltr' id='par_1_35' title="bbox 866 696 1243 760">
     <span class='ocr_line' id='line_1_58' title="bbox 866 696 1243 760; baseline 0.008 -17"><span class='ocrx_word' id='word_1_208' title='bbox 866 696 892 744; x_wconf 95' lang='lat' dir='ltr'>b.</span> <span class='ocrx_word' id='word_1_209' title='bbox 904 696 1029 759; x_wconf 87' lang='lat' dir='ltr'>Joaunem</span> <span class='ocrx_word' id='word_1_210' title='bbox 1041 696 1190 760; x_wconf 88' lang='lat' dir='ltr'>Baptistam,</span> <span class='ocrx_word' id='word_1_211' title='bbox 1203 707 1243 760; x_wconf 89' lang='lat'>37.</span> 
     </span>
    </p>

    <p class='ocr_par' dir='ltr' id='par_1_36' title="bbox 866 760 1256 825">
     <span class='ocr_line' id='line_1_59' title="bbox 866 760 1256 825; baseline 0.005 -16"><span class='ocrx_word' id='word_1_212' title='bbox 866 762 893 810; x_wconf 95' lang='lat' dir='ltr'>b.</span> <span class='ocrx_word' id='word_1_213' title='bbox 907 760 1044 811; x_wconf 81' lang='lat' dir='ltr'>Martinam</span> <span class='ocrx_word' id='word_1_214' title='bbox 1056 763 1204 825; x_wconf 81' lang='lat' dir='ltr'>praesulem,</span> <span class='ocrx_word' id='word_1_215' title='bbox 1214 775 1256 825; x_wconf 85' lang='lat'>43.</span> 
     </span>
    </p>

    <p class='ocr_par' dir='ltr' id='par_1_37' title="bbox 866 827 1226 890">
     <span class='ocr_line' id='line_1_60' title="bbox 866 827 1226 890; baseline 0.008 -16"><span class='ocrx_word' id='word_1_216' title='bbox 866 827 895 875; x_wconf 94' lang='lat' dir='ltr'>b.</span> <span class='ocrx_word' id='word_1_217' title='bbox 908 827 1010 877; x_wconf 86' lang='lat' dir='ltr'>Petrum</span> <span class='ocrx_word' id='word_1_218' title='bbox 1021 827 1173 890; x_wconf 87' lang='lat' dir='ltr'>apostolum,</span> <span class='ocrx_word' id='word_1_219' title='bbox 1186 830 1226 889; x_wconf 89' lang='lat'>36.</span> 
     </span>
    </p>

    <p class='ocr_par' dir='ltr' id='par_1_38' title="bbox 866 890 1347 957">
     <span class='ocr_line' id='line_1_61' title="bbox 866 890 1347 957; baseline 0.004 -19"><span class='ocrx_word' id='word_1_220' title='bbox 866 891 892 941; x_wconf 91' lang='lat' dir='ltr'>b.</span> <span class='ocrx_word' id='word_1_221' title='bbox 906 890 1063 957; x_wconf 83' lang='lat' dir='ltr'>Stephanum</span> <span class='ocrx_word' id='word_1_222' title='bbox 1075 899 1293 956; x_wconf 87' lang='lat' dir='ltr'>protomartyrem,</span> <span class='ocrx_word' id='word_1_223' title='bbox 1306 903 1347 955; x_wconf 87' lang='lat'>33.</span> 
     </span>
    </p>

    <p class='ocr_par' dir='ltr' id='par_1_39' title="bbox 866 955 1133 1016">
     <span class='ocr_line' id='line_1_62' title="bbox 866 955 1133 1016; baseline 0.004 -11"><span class='ocrx_word' id='word_1_224' title='bbox 866 956 990 1006; x_wconf 89' lang='lat' dir='ltr'>bonorum</span> <span class='ocrx_word' id='word_1_225' title='bbox 1002 972 1097 1016; x_wconf 86' lang='lat' dir='ltr'>semen,</span> <span class='ocrx_word' id='word_1_226' title='bbox 1109 955 1133 1006; x_wconf 93' lang='lat'>8.</span> 
     </span>
    </p>

    <p class='ocr_par' dir='ltr' id='par_1_40' title="bbox 866 1021 1241 1087">
     <span class='ocr_line' id='line_1_63' title="bbox 866 1021 1241 1087; baseline -0.003 -15"><span class='ocrx_word' id='word_1_227' title='bbox 866 1021 969 1072; x_wconf 81' lang='lat' dir='ltr'>calcatis</span> <span class='ocrx_word' id='word_1_228' title='bbox 980 1022 1071 1071; x_wconf 83' lang='lat' dir='ltr'>inferni</span> <span class='ocrx_word' id='word_1_229' title='bbox 1083 1022 1188 1087; x_wconf 90' lang='lat' dir='ltr'>legibus,</span> <span class='ocrx_word' id='word_1_230' title='bbox 1204 1023 1241 1071; x_wconf 91' lang='lat'>16.</span> 
     </span>
    </p>

    <p class='ocr_par' dir='ltr' id='par_1_41' title="bbox 866 1086 1196 1151">
     <span class='ocr_line' id='line_1_64' title="bbox 866 1086 1196 1151; baseline 0.003 -16"><span class='ocrx_word' id='word_1_231' title='bbox 866 1103 923 1136; x_wconf 91' lang='lat' dir='ltr'>cum</span> <span class='ocrx_word' id='word_1_232' title='bbox 935 1095 960 1137; x_wconf 89' lang='lat' dir='ltr'>te</span> <span class='ocrx_word' id='word_1_233' title='bbox 971 1103 1022 1136; x_wconf 91' lang='lat' dir='ltr'>non</span> <span class='ocrx_word' id='word_1_234' title='bbox 1033 1086 1143 1151; x_wconf 85' lang='lat' dir='ltr'>capiant,</span> <span class='ocrx_word' id='word_1_235' title='bbox 1156 1099 1196 1151; x_wconf 87' lang='lat'>37.</span> 
     </span>
    </p>

    <p class='ocr_par' dir='ltr' id='par_1_42' title="bbox 865 1151 1036 1212">
     <span class='ocr_line' id='line_1_65' title="bbox 865 1151 1036 1212; baseline 0.006 -12"><span class='ocrx_word' id='word_1_236' title='bbox 865 1152 898 1201; x_wconf 95' lang='lat' dir='ltr'>de</span> <span class='ocrx_word' id='word_1_237' title='bbox 909 1152 982 1212; x_wconf 80' lang='grc'><strong>11111,</strong></span> <span class='ocrx_word' id='word_1_238' title='bbox 996 1151 1036 1201; x_wconf 93' lang='grc'><strong>86.</strong></span> 
     </span>
    </p>

    <p class='ocr_par' dir='ltr' id='par_1_43' title="bbox 866 1216 1232 1280">
     <span class='ocr_line' id='line_1_66' title="bbox 866 1216 1232 1280; baseline 0.008 -15"><span class='ocrx_word' id='word_1_239' title='bbox 866 1216 942 1280; x_wconf 84' lang='lat' dir='ltr'>digne</span> <span class='ocrx_word' id='word_1_240' title='bbox 953 1218 999 1267; x_wconf 92' lang='lat' dir='ltr'>tibi</span> <span class='ocrx_word' id='word_1_241' title='bbox 1011 1217 1180 1276; x_wconf 89' lang='lat' dir='ltr'>servientium,</span> <span class='ocrx_word' id='word_1_242' title='bbox 1191 1230 1232 1279; x_wconf 87' lang='lat'>92.</span> 
     </span>
    </p>

    <p class='ocr_par' dir='ltr' id='par_1_44' title="bbox 866 1283 1189 1347">
     <span class='ocr_line' id='line_1_67' title="bbox 866 1283 1189 1347; baseline 0.006 -17"><span class='ocrx_word' id='word_1_243' title='bbox 866 1283 978 1346; x_wconf 90' lang='lat' dir='ltr'>dispersa</span> <span class='ocrx_word' id='word_1_244' title='bbox 989 1298 1134 1347; x_wconf 83' lang='lat' dir='ltr'>congregas,</span> <span class='ocrx_word' id='word_1_245' title='bbox 1152 1296 1189 1333; x_wconf 93' lang='lat'>12.</span> 
     </span>
    </p>

    <p class='ocr_par' dir='ltr' id='par_1_45' title="bbox 866 1348 1185 1411">
     <span class='ocr_line' id='line_1_68' title="bbox 866 1348 1185 1411; baseline 0.006 -16"><span class='ocrx_word' id='word_1_246' title='bbox 866 1348 965 1397; x_wconf 89' lang='lat' dir='ltr'>diversa</span> <span class='ocrx_word' id='word_1_247' title='bbox 976 1357 1131 1407; x_wconf 86' lang='lat' dir='ltr'>ornamenta,</span> <span class='ocrx_word' id='word_1_248' title='bbox 1144 1359 1185 1411; x_wconf 83' lang='lat'>95.</span> 
     </span>
    </p>

    <p class='ocr_par' dir='ltr' id='par_1_46' title="bbox 865 1413 1198 1472">
     <span class='ocr_line' id='line_1_69' title="bbox 865 1413 1198 1472; baseline 0.003 -11"><span class='ocrx_word' id='word_1_249' title='bbox 865 1413 950 1463; x_wconf 86' lang='lat' dir='ltr'>dixisti</span> <span class='ocrx_word' id='word_1_250' title='bbox 962 1414 1052 1462; x_wconf 90' lang='lat' dir='ltr'>domus</span> <span class='ocrx_word' id='word_1_251' title='bbox 1064 1430 1128 1472; x_wconf 89' lang='lat' dir='ltr'>mea,</span> <span class='ocrx_word' id='word_1_252' title='bbox 1145 1427 1198 1463; x_wconf 90' lang='lat'>112.</span> 
     </span>
    </p>

    <p class='ocr_par' dir='ltr' id='par_1_47' title="bbox 865 1478 1238 1542">
     <span class='ocr_line' id='line_1_70' title="bbox 865 1478 1238 1542; baseline -0.003 -14"><span class='ocrx_word' id='word_1_253' title='bbox 865 1478 998 1528; x_wconf 86' lang='lat' dir='ltr'>ecclesiam</span> <span class='ocrx_word' id='word_1_254' title='bbox 1011 1486 1079 1527; x_wconf 87' lang='grc'><strong>11111</strong></span> <span class='ocrx_word' id='word_1_255' title='bbox 1091 1495 1167 1538; x_wconf 86' lang='lat' dir='ltr'>novo,</span> <span class='ocrx_word' id='word_1_256' title='bbox 1184 1488 1238 1542; x_wconf 89' lang='grc'><strong>115.</strong></span> 
     </span>
    </p>

    <p class='ocr_par' dir='ltr' id='par_1_48' title="bbox 865 1544 1269 1603">
     <span class='ocr_line' id='line_1_71' title="bbox 865 1544 1269 1603; baseline 0 -12"><span class='ocrx_word' id='word_1_257' title='bbox 865 1559 893 1592; x_wconf 87' lang='grc'>01</span> <span class='ocrx_word' id='word_1_258' title='bbox 904 1545 982 1592; x_wconf 84' lang='grc'><strong>101111</strong></span> <span class='ocrx_word' id='word_1_259' title='bbox 993 1545 1061 1592; x_wconf 85' lang='lat' dir='ltr'>orbis</span> <span class='ocrx_word' id='word_1_260' title='bbox 1073 1544 1199 1603; x_wconf 91' lang='lat' dir='ltr'>conditor,</span> <span class='ocrx_word' id='word_1_261' title='bbox 1216 1557 1269 1593; x_wconf 93' lang='lat'>101.</span> 
     </span>
    </p>

    <p class='ocr_par' dir='ltr' id='par_1_49' title="bbox 865 1608 1186 1672">
     <span class='ocr_line' id='line_1_72' title="bbox 865 1608 1186 1672; baseline 0 -14"><span class='ocrx_word' id='word_1_262' title='bbox 865 1618 904 1658; x_wconf 84' lang='lat' dir='ltr'>est</span> <span class='ocrx_word' id='word_1_263' title='bbox 914 1608 967 1657; x_wconf 84' lang='lat' dir='ltr'>vita</span> <span class='ocrx_word' id='word_1_264' title='bbox 978 1610 1130 1669; x_wconf 85' lang='lat' dir='ltr'>mortalium,</span> <span class='ocrx_word' id='word_1_265' title='bbox 1144 1620 1186 1672; x_wconf 80' lang='lat'>25.</span> 
     </span>
    </p>

    <p class='ocr_par' dir='ltr' id='par_1_50' title="bbox 865 1674 1184 1737">
     <span class='ocr_line' id='line_1_73' title="bbox 865 1674 1184 1737; baseline 0 -14"><span class='ocrx_word' id='word_1_266' title='bbox 865 1689 897 1723; x_wconf 83' lang='lat' dir='ltr'>ex</span> <span class='ocrx_word' id='word_1_267' title='bbox 907 1674 976 1723; x_wconf 92' lang='lat' dir='ltr'>omni</span> <span class='ocrx_word' id='word_1_268' title='bbox 987 1675 1131 1737; x_wconf 89' lang='lat' dir='ltr'>coaptione,</span> <span class='ocrx_word' id='word_1_269' title='bbox 1143 1674 1184 1735; x_wconf 91' lang='lat'>96.</span> 
     </span>
    </p>

    <p class='ocr_par' dir='ltr' id='par_1_51' title="bbox 864 1738 1279 1803">
     <span class='ocr_line' id='line_1_74' title="bbox 864 1738 1279 1803; baseline 0 -16"><span class='ocrx_word' id='word_1_270' title='bbox 864 1738 986 1789; x_wconf 80' lang='lat' dir='ltr'>famulum</span> <span class='ocrx_word' id='word_1_271' title='bbox 999 1749 1069 1789; x_wconf 88' lang='lat' dir='ltr'>tuum</span> <span class='ocrx_word' id='word_1_272' title='bbox 1081 1755 1097 1787; x_wconf 93' lang='lat' dir='ltr'>a</span> <span class='ocrx_word' id='word_1_273' title='bbox 1107 1740 1208 1799; x_wconf 86' lang='lat' dir='ltr'>saeculi,</span> <span class='ocrx_word' id='word_1_274' title='bbox 1225 1751 1279 1803; x_wconf 88' lang='lat'>132.</span> 
     </span>
    </p>

    <p class='ocr_par' dir='ltr' id='par_1_52' title="bbox 865 1803 1186 1869">
     <span class='ocr_line' id='line_1_75' title="bbox 865 1803 1186 1869; baseline 0.006 -17"><span class='ocrx_word' id='word_1_275' title='bbox 865 1803 911 1853; x_wconf 90' lang='lat' dir='ltr'>filii</span> <span class='ocrx_word' id='word_1_276' title='bbox 923 1804 961 1853; x_wconf 91' lang='lat' dir='ltr'>sui</span> <span class='ocrx_word' id='word_1_277' title='bbox 973 1805 1148 1869; x_wconf 87' lang='lat' dir='ltr'>temporalem,</span> <span class='ocrx_word' id='word_1_278' title='bbox 1163 1815 1186 1867; x_wconf 87' lang='lat'>7.</span> 
     </span>
    </p>

    <p class='ocr_par' dir='ltr' id='par_1_53' title="bbox 862 1870 1220 1933">
     <span class='ocr_line' id='line_1_76' title="bbox 862 1870 1220 1933; baseline 0.008 -15"><span class='ocrx_word' id='word_1_279' title='bbox 862 1870 944 1933; x_wconf 87' lang='lat' dir='ltr'>gratia</span> <span class='ocrx_word' id='word_1_280' title='bbox 954 1885 1000 1919; x_wconf 89' lang='grc'>111</span> <span class='ocrx_word' id='word_1_281' title='bbox 1010 1871 1036 1919; x_wconf 97' lang='lat' dir='ltr'>b.</span> <span class='ocrx_word' id='word_1_282' title='bbox 1053 1870 1166 1929; x_wconf 88' lang='lat' dir='ltr'>Paulum,</span> <span class='ocrx_word' id='word_1_283' title='bbox 1181 1883 1220 1932; x_wconf 81' lang='lat'>34.</span> 
     </span>
    </p>

    <p class='ocr_par' dir='ltr' id='par_1_54' title="bbox 863 1934 1293 1999">
     <span class='ocr_line' id='line_1_77' title="bbox 863 1934 1293 1999; baseline 0 -16"><span class='ocrx_word' id='word_1_284' title='bbox 863 1934 986 1985; x_wconf 89' lang='lat' dir='ltr'>hodierna</span> <span class='ocrx_word' id='word_1_285' title='bbox 996 1935 1039 1985; x_wconf 89' lang='lat' dir='ltr'>die</span> <span class='ocrx_word' id='word_1_286' title='bbox 1050 1934 1239 1999; x_wconf 90' lang='lat' dir='ltr'>discipulorum,</span> <span class='ocrx_word' id='word_1_287' title='bbox 1253 1946 1293 1983; x_wconf 92' lang='lat'>22.</span> 
     </span>
    </p>

    <p class='ocr_par' dir='ltr' id='par_1_55' title="bbox 863 1999 1270 2061">
     <span class='ocr_line' id='line_1_78' title="bbox 863 1999 1270 2061; baseline -0.002 -13"><span class='ocrx_word' id='word_1_288' title='bbox 863 1999 929 2049; x_wconf 90' lang='lat' dir='ltr'>hunc</span> <span class='ocrx_word' id='word_1_289' title='bbox 942 2000 1009 2050; x_wconf 89' lang='lat' dir='ltr'>diem</span> <span class='ocrx_word' id='word_1_290' title='bbox 1020 2000 1144 2050; x_wconf 84' lang='lat' dir='ltr'>incarnati</span> <span class='ocrx_word' id='word_1_291' title='bbox 1154 2000 1233 2060; x_wconf 90' lang='lat' dir='ltr'>verbi,</span> <span class='ocrx_word' id='word_1_292' title='bbox 1247 2015 1270 2061; x_wconf 91' lang='lat'>4.</span> 
     </span>
    </p>

    <p class='ocr_par' dir='ltr' id='par_1_56' title="bbox 863 2065 1167 2127">
     <span class='ocr_line' id='line_1_79' title="bbox 863 2065 1167 2127; baseline 0.003 -13"><span class='ocrx_word' id='word_1_293' title='bbox 863 2065 942 2115; x_wconf 92' lang='lat' dir='ltr'>Iacob</span> <span class='ocrx_word' id='word_1_294' title='bbox 955 2066 1049 2115; x_wconf 79' lang='lat' dir='ltr'>famulo</span> <span class='ocrx_word' id='word_1_295' title='bbox 1061 2074 1114 2127; x_wconf 89' lang='lat' dir='ltr'>tuo,</span> <span class='ocrx_word' id='word_1_296' title='bbox 1127 2065 1167 2116; x_wconf 92' lang='lat'>81.</span> 
     </span>
    </p>

    <p class='ocr_par' dir='ltr' id='par_1_57' title="bbox 862 2130 1211 2193">
     <span class='ocr_line' id='line_1_80' title="bbox 862 2130 1211 2193; baseline 0.006 -15"><span class='ocrx_word' id='word_1_297' title='bbox 862 2130 890 2179; x_wconf 92' lang='lat' dir='ltr'>iu</span> <span class='ocrx_word' id='word_1_298' title='bbox 900 2131 1019 2180; x_wconf 89' lang='lat' dir='ltr'>membris</span> <span class='ocrx_word' id='word_1_299' title='bbox 1030 2131 1157 2191; x_wconf 88' lang='lat' dir='ltr'>ecclesiae,</span> <span class='ocrx_word' id='word_1_300' title='bbox 1171 2130 1211 2193; x_wconf 89' lang='lat'>38.</span> 
     </span>
    </p>

    <p class='ocr_par' dir='ltr' id='par_1_58' title="bbox 862 2196 1100 2258">
     <span class='ocr_line' id='line_1_81' title="bbox 862 2196 1100 2258; baseline 0 -12"><span class='ocrx_word' id='word_1_301' title='bbox 862 2196 890 2246; x_wconf 92' lang='lat' dir='ltr'>in</span> <span class='ocrx_word' id='word_1_302' title='bbox 900 2197 970 2245; x_wconf 91' lang='lat' dir='ltr'>omni</span> <span class='ocrx_word' id='word_1_303' title='bbox 980 2197 1047 2257; x_wconf 90' lang='lat' dir='ltr'>loco,</span> <span class='ocrx_word' id='word_1_304' title='bbox 1059 2197 1100 2258; x_wconf 91' lang='lat'>96.</span> 
     </span>
    </p>

    <p class='ocr_par' dir='ltr' id='par_1_59' title="bbox 863 2261 1198 2320">
     <span class='ocr_line' id='line_1_82' title="bbox 863 2261 1198 2320; baseline -0.003 -10"><span class='ocrx_word' id='word_1_305' title='bbox 863 2262 890 2310; x_wconf 93' lang='lat' dir='ltr'>in</span> <span class='ocrx_word' id='word_1_306' title='bbox 899 2262 991 2312; x_wconf 88' lang='lat' dir='ltr'>sanctis</span> <span class='ocrx_word' id='word_1_307' title='bbox 1002 2261 1127 2320; x_wconf 88' lang='lat' dir='ltr'>habitans,</span> <span class='ocrx_word' id='word_1_308' title='bbox 1144 2274 1198 2309; x_wconf 90' lang='lat'>111.</span> 
     </span>
    </p>

    <p class='ocr_par' dir='ltr' id='par_1_60' title="bbox 863 2326 1216 2391">
     <span class='ocr_line' id='line_1_83' title="bbox 863 2326 1216 2391; baseline -0.006 -15"><span class='ocrx_word' id='word_1_309' title='bbox 863 2326 929 2376; x_wconf 87' lang='lat' dir='ltr'>inter</span> <span class='ocrx_word' id='word_1_310' title='bbox 939 2328 1007 2376; x_wconf 91' lang='lat' dir='ltr'>orbis</span> <span class='ocrx_word' id='word_1_311' title='bbox 1017 2326 1163 2391; x_wconf 90' lang='lat' dir='ltr'>primordia,</span> <span class='ocrx_word' id='word_1_312' title='bbox 1179 2326 1216 2374; x_wconf 92' lang='lat'>18.</span> 
     </span>
    </p>

    <p class='ocr_par' dir='ltr' id='par_1_61' title="bbox 864 2389 1363 2452">
     <span class='ocr_line' id='line_1_84' title="bbox 864 2389 1363 2452; baseline -0.006 -11"><span class='ocrx_word' id='word_1_313' title='bbox 864 2392 1025 2442; x_wconf 86' lang='lat' dir='ltr'>invisibiliter</span> <span class='ocrx_word' id='word_1_314' title='bbox 1036 2392 1122 2441; x_wconf 85' lang='lat' dir='ltr'>omnia</span> <span class='ocrx_word' id='word_1_315' title='bbox 1133 2392 1255 2451; x_wconf 86' lang='lat' dir='ltr'>contines,</span> <span class='ocrx_word' id='word_1_316' title='bbox 1270 2389 1310 2452; x_wconf 92' lang='lat'>76,</span> <span class='ocrx_word' id='word_1_317' title='bbox 1323 2401 1363 2452; x_wconf 93' lang='lat'>97.</span> 
     </span>
    </p>

    <p class='ocr_par' dir='ltr' id='par_1_62' title="bbox 864 2456 1146 2516">
     <span class='ocr_line' id='line_1_85' title="bbox 864 2456 1146 2516; baseline -0.004 -10"><span class='ocrx_word' id='word_1_318' title='bbox 864 2458 922 2507; x_wconf 90' lang='lat' dir='ltr'>loca</span> <span class='ocrx_word' id='word_1_319' title='bbox 932 2458 1028 2506; x_wconf 91' lang='lat' dir='ltr'>nomini</span> <span class='ocrx_word' id='word_1_320' title='bbox 1039 2466 1091 2516; x_wconf 88' lang='lat' dir='ltr'>tuo,</span> <span class='ocrx_word' id='word_1_321' title='bbox 1105 2456 1146 2507; x_wconf 91' lang='lat'>82.</span> 
     </span>
    </p>

    <p class='ocr_par' dir='ltr' id='par_1_63' title="bbox 864 2520 1158 2587">
     <span class='ocr_line' id='line_1_86' title="bbox 864 2520 1158 2587; baseline -0.003 -15"><span class='ocrx_word' id='word_1_322' title='bbox 864 2539 934 2573; x_wconf 86' lang='lat' dir='ltr'>mare</span> <span class='ocrx_word' id='word_1_323' title='bbox 944 2524 994 2572; x_wconf 92' lang='lat' dir='ltr'>suis</span> <span class='ocrx_word' id='word_1_324' title='bbox 1005 2523 1120 2587; x_wconf 90' lang='lat' dir='ltr'>pedibus,</span> <span class='ocrx_word' id='word_1_325' title='bbox 1133 2520 1158 2571; x_wconf 93' lang='lat'>8.</span> 
     </span>
    </p>

    <p class='ocr_par' dir='ltr' id='par_1_64' title="bbox 865 2586 1290 2652">
     <span class='ocr_line' id='line_1_87' title="bbox 865 2586 1290 2652; baseline -0.007 -13"><span class='ocrx_word' id='word_1_326' title='bbox 865 2596 971 2639; x_wconf 89' lang='lat' dir='ltr'>mortem</span> <span class='ocrx_word' id='word_1_327' title='bbox 982 2596 1092 2639; x_wconf 88' lang='lat' dir='ltr'>nostram</span> <span class='ocrx_word' id='word_1_328' title='bbox 1103 2588 1236 2652; x_wconf 90' lang='lat' dir='ltr'>ingressus,</span> <span class='ocrx_word' id='word_1_329' title='bbox 1253 2586 1290 2637; x_wconf 89' lang='lat'>16.</span> 
     </span>
    </p>

    <p class='ocr_par' dir='ltr' id='par_1_65' title="bbox 864 2652 1346 2719">
     <span class='ocr_line' id='line_1_88' title="bbox 864 2652 1346 2719; baseline -0.002 -16"><span class='ocrx_word' id='word_1_330' title='bbox 864 2670 916 2704; x_wconf 90' lang='lat' dir='ltr'>non</span> <span class='ocrx_word' id='word_1_331' title='bbox 927 2662 1034 2705; x_wconf 89' lang='lat' dir='ltr'>mortem</span> <span class='ocrx_word' id='word_1_332' title='bbox 1046 2656 1090 2704; x_wconf 88' lang='lat' dir='ltr'>sed</span> <span class='ocrx_word' id='word_1_333' title='bbox 1101 2652 1293 2719; x_wconf 88' lang='lat' dir='ltr'>poenitentiam,</span> <span class='ocrx_word' id='word_1_334' title='bbox 1309 2666 1346 2702; x_wconf 91' lang='lat'>10.</span> 
     </span>
    </p>

    <p class='ocr_par' dir='ltr' id='par_1_66' title="bbox 864 2719 1293 2783">
     <span class='ocr_line' id='line_1_89' title="bbox 864 2719 1293 2783; baseline -0.002 -15"><span class='ocrx_word' id='word_1_335' title='bbox 864 2735 916 2768; x_wconf 87' lang='lat' dir='ltr'>uon</span> <span class='ocrx_word' id='word_1_336' title='bbox 926 2719 1009 2769; x_wconf 91' lang='lat' dir='ltr'>solum</span> <span class='ocrx_word' id='word_1_337' title='bbox 1019 2735 1098 2783; x_wconf 86' lang='lat' dir='ltr'>genus</span> <span class='ocrx_word' id='word_1_338' title='bbox 1109 2719 1255 2778; x_wconf 86' lang='lat' dir='ltr'>humanum,</span> <span class='ocrx_word' id='word_1_339' title='bbox 1269 2728 1293 2782; x_wconf 94' lang='grc'>5.</span> 
     </span>
    </p>

    <p class='ocr_par' dir='ltr' id='par_1_67' title="bbox 863 2794 1096 2849">
     <span class='ocr_line' id='line_1_90' title="bbox 863 2794 1096 2849; baseline 0 -16"><span class='ocrx_word' id='word_1_340' title='bbox 863 2800 910 2834; x_wconf 84' lang='grc'>101</span> <span class='ocrx_word' id='word_1_341' title='bbox 921 2794 1041 2849; x_wconf 85' lang='lat' dir='ltr'>pastores,</span> <span class='ocrx_word' id='word_1_342' title='bbox 1057 2794 1096 2847; x_wconf 87' lang='lat'>73.</span> 
     </span>
    </p>

    <p class='ocr_par' dir='ltr' id='par_1_68' title="bbox 863 2849 1344 2915">
     <span class='ocr_line' id='line_1_91' title="bbox 863 2849 1344 2915; baseline 0 -17"><span class='ocrx_word' id='word_1_343' title='bbox 863 2866 909 2915; x_wconf 88' lang='lat' dir='ltr'>per</span> <span class='ocrx_word' id='word_1_344' title='bbox 919 2850 945 2899; x_wconf 95' lang='lat' dir='ltr'>b.</span> <span class='ocrx_word' id='word_1_345' title='bbox 959 2851 1057 2900; x_wconf 86' lang='lat' dir='ltr'>Mariae</span> <span class='ocrx_word' id='word_1_346' title='bbox 1068 2849 1172 2914; x_wconf 71' lang='lat' dir='ltr'>virginis</span> <span class='ocrx_word' id='word_1_347' title='bbox 1182 2854 1290 2913; x_wconf 87' lang='lat' dir='ltr'>partum,</span> <span class='ocrx_word' id='word_1_348' title='bbox 1303 2861 1344 2909; x_wconf 89' lang='grc'>40.</span> 
     </span>
    </p>

    <p class='ocr_par' dir='ltr' id='par_1_69' title="bbox 863 2915 1249 2982">
     <span class='ocr_line' id='line_1_92' title="bbox 863 2915 1249 2982; baseline -0.008 -17"><span class='ocrx_word' id='word_1_349' title='bbox 863 2931 909 2980; x_wconf 86' lang='lat' dir='ltr'>per</span> <span class='ocrx_word' id='word_1_350' title='bbox 920 2916 1028 2980; x_wconf 89' lang='lat' dir='ltr'>Moysen</span> <span class='ocrx_word' id='word_1_351' title='bbox 1040 2915 1179 2982; x_wconf 78' lang='lat' dir='ltr'>legiferum,</span> <span class='ocrx_word' id='word_1_352' title='bbox 1195 2927 1249 2976; x_wconf 86' lang='grc'>104</span> 
     </span>
    </p>

    <p class='ocr_par' dir='ltr' id='par_1_70' title="bbox 863 2980 1175 3046">
     <span class='ocr_line' id='line_1_93' title="bbox 863 2980 1175 3046; baseline -0.006 -16"><span class='ocrx_word' id='word_1_353' title='bbox 863 2996 909 3046; x_wconf 91' lang='lat' dir='ltr'>per</span> <span class='ocrx_word' id='word_1_354' title='bbox 920 2980 1003 3030; x_wconf 87' lang='lat' dir='ltr'>olivae</span> <span class='ocrx_word' id='word_1_355' title='bbox 1014 2997 1121 3040; x_wconf 86' lang='lat' dir='ltr'>ramum,</span> <span class='ocrx_word' id='word_1_356' title='bbox 1137 2993 1175 3029; x_wconf 94' lang='lat'>12.</span> 
     </span>
    </p>

    <p class='ocr_par' dir='ltr' id='par_1_71' title="bbox 862 3047 1186 3110">
     <span class='ocr_line' id='line_1_94' title="bbox 862 3047 1186 3110; baseline 0 -16"><span class='ocrx_word' id='word_1_357' title='bbox 862 3062 908 3110; x_wconf 89' lang='lat' dir='ltr'>per</span> <span class='ocrx_word' id='word_1_358' title='bbox 919 3047 1132 3104; x_wconf 80' lang='lat' dir='ltr'>resurrectionem,</span> <span class='ocrx_word' id='word_1_359' title='bbox 1149 3058 1186 3107; x_wconf 90' lang='lat'>19.</span> 
     </span>
    </p>

    <p class='ocr_par' dir='ltr' id='par_1_72' title="bbox 865 3107 1397 3177">
     <span class='ocr_line' id='line_1_95' title="bbox 865 3107 1397 3177; baseline -0.002 -17"><span class='ocrx_word' id='word_1_360' title='bbox 865 3111 966 3177; x_wconf 90' lang='lat' dir='ltr'>populis</span> <span class='ocrx_word' id='word_1_361' title='bbox 977 3112 1026 3161; x_wconf 87' lang='lat' dir='ltr'>tuis</span> <span class='ocrx_word' id='word_1_362' title='bbox 1036 3112 1128 3161; x_wconf 84' lang='lat' dir='ltr'>virtute</span> <span class='ocrx_word' id='word_1_363' title='bbox 1140 3108 1258 3169; x_wconf 89' lang='lat' dir='ltr'>consulis,</span> <span class='ocrx_word' id='word_1_364' title='bbox 1275 3121 1329 3169; x_wconf 86' lang='lat'>141,</span> <span class='ocrx_word' id='word_1_365' title='bbox 1342 3107 1397 3172; x_wconf 82' lang='grc'><strong>158.</strong></span> 
     </span>
    </p>

    <p class='ocr_par' dir='ltr' id='par_1_73' title="bbox 862 3177 1210 3241">
     <span class='ocr_line' id='line_1_96' title="bbox 862 3177 1210 3241; baseline -0.006 -16"><span class='ocrx_word' id='word_1_366' title='bbox 862 3183 921 3241; x_wconf 93' lang='lat' dir='ltr'>post</span> <span class='ocrx_word' id='word_1_367' title='bbox 932 3177 1043 3241; x_wconf 90' lang='lat' dir='ltr'>typicum</span> <span class='ocrx_word' id='word_1_368' title='bbox 1055 3177 1156 3241; x_wconf 87' lang='lat' dir='ltr'>pascha,</span> <span class='ocrx_word' id='word_1_369' title='bbox 1169 3188 1210 3239; x_wconf 89' lang='lat'>93.</span> 
     </span>
    </p>

    <p class='ocr_par' dir='ltr' id='par_1_74' title="bbox 861 3242 1243 3306">
     <span class='ocr_line' id='line_1_97' title="bbox 861 3242 1243 3306; baseline -0.013 -13"><span class='ocrx_word' id='word_1_370' title='bbox 861 3250 988 3306; x_wconf 85' lang='lat' dir='ltr'>potestate</span> <span class='ocrx_word' id='word_1_371' title='bbox 998 3242 1096 3291; x_wconf 87' lang='lat' dir='ltr'>virtutis</span> <span class='ocrx_word' id='word_1_372' title='bbox 1107 3250 1173 3302; x_wconf 88' lang='lat' dir='ltr'>tuae,</span> <span class='ocrx_word' id='word_1_373' title='bbox 1189 3250 1243 3304; x_wconf 91' lang='grc'><strong>150.</strong></span> 
     </span>
    </p>

    <p class='ocr_par' dir='ltr' id='par_1_75' title="bbox 863 3306 1346 3372">
     <span class='ocr_line' id='line_1_98' title="bbox 863 3306 1346 3372; baseline -0.002 -16"><span class='ocrx_word' id='word_1_374' title='bbox 863 3322 910 3372; x_wconf 88' lang='lat' dir='ltr'>pro</span> <span class='ocrx_word' id='word_1_375' title='bbox 920 3309 1019 3372; x_wconf 88' lang='lat' dir='ltr'>generis</span> <span class='ocrx_word' id='word_1_376' title='bbox 1030 3307 1133 3357; x_wconf 88' lang='lat' dir='ltr'>humani</span> <span class='ocrx_word' id='word_1_377' title='bbox 1144 3306 1292 3365; x_wconf 86' lang='lat' dir='ltr'>salvatione,</span> <span class='ocrx_word' id='word_1_378' title='bbox 1304 3317 1346 3368; x_wconf 91' lang='lat'>92.</span> 
     </span>
    </p>

    <p class='ocr_par' dir='ltr' id='par_1_76' title="bbox 861 3371 1303 3438">
     <span class='ocr_line' id='line_1_99' title="bbox 861 3371 1303 3438; baseline -0.005 -18"><span class='ocrx_word' id='word_1_379' title='bbox 861 3387 909 3436; x_wconf 90' lang='lat' dir='ltr'>pro</span> <span class='ocrx_word' id='word_1_380' title='bbox 919 3372 993 3422; x_wconf 85' lang='lat' dir='ltr'>vobis</span> <span class='ocrx_word' id='word_1_381' title='bbox 1003 3373 1112 3438; x_wconf 87' lang='lat' dir='ltr'>suscepit</span> <span class='ocrx_word' id='word_1_382' title='bbox 1123 3371 1249 3429; x_wconf 86' lang='lat' dir='ltr'>iniuriam,</span> <span class='ocrx_word' id='word_1_383' title='bbox 1265 3381 1303 3432; x_wconf 92' lang='lat'>17.</span> 
     </span>
    </p>

    <p class='ocr_par' dir='ltr' id='par_1_77' title="bbox 861 3435 1353 3502">
     <span class='ocr_line' id='line_1_100' title="bbox 861 3435 1353 3502; baseline -0.004 -16"><span class='ocrx_word' id='word_1_384' title='bbox 861 3438 1021 3502; x_wconf 86' lang='lat' dir='ltr'>providentia</span> <span class='ocrx_word' id='word_1_385' title='bbox 1032 3446 1075 3488; x_wconf 87' lang='lat' dir='ltr'>tua</span> <span class='ocrx_word' id='word_1_386' title='bbox 1086 3435 1211 3497; x_wconf 88' lang='lat' dir='ltr'>caelestia,</span> <span class='ocrx_word' id='word_1_387' title='bbox 1227 3449 1282 3498; x_wconf 90' lang='grc'><strong>144,</strong></span> <span class='ocrx_word' id='word_1_388' title='bbox 1298 3446 1353 3500; x_wconf 87' lang='grc'><strong>159.</strong></span> 
     </span>
    </p>

    <p class='ocr_par' dir='ltr' id='par_1_78' title="bbox 863 3503 1291 3566">
     <span class='ocr_line' id='line_1_101' title="bbox 863 3503 1291 3566; baseline -0.005 -15"><span class='ocrx_word' id='word_1_389' title='bbox 863 3503 990 3553; x_wconf 89' lang='lat' dir='ltr'>redemisti</span> <span class='ocrx_word' id='word_1_390' title='bbox 1001 3519 1080 3566; x_wconf 86' lang='lat' dir='ltr'>genus</span> <span class='ocrx_word' id='word_1_391' title='bbox 1090 3503 1236 3561; x_wconf 91' lang='lat' dir='ltr'>humanum,</span> <span class='ocrx_word' id='word_1_392' title='bbox 1249 3513 1291 3562; x_wconf 91' lang='lat'>41.</span> 
     </span>
    </p>

    <p class='ocr_par' dir='ltr' id='par_1_79' title="bbox 861 3568 1254 3632">
     <span class='ocr_line' id='line_1_102' title="bbox 861 3568 1254 3632; baseline -0.003 -16"><span class='ocrx_word' id='word_1_393' title='bbox 861 3569 1063 3618; x_wconf 89' lang='lat' dir='ltr'>renuntiantibus</span> <span class='ocrx_word' id='word_1_394' title='bbox 1073 3568 1184 3628; x_wconf 89' lang='lat' dir='ltr'>saeculo,</span> <span class='ocrx_word' id='word_1_395' title='bbox 1199 3579 1254 3632; x_wconf 83' lang='lat'>133.</span> 
     </span>
    </p>

    <p class='ocr_par' dir='ltr' id='par_1_80' title="bbox 862 3635 1247 3699">
     <span class='ocr_line' id='line_1_103' title="bbox 862 3635 1247 3699; baseline -0.005 -16"><span class='ocrx_word' id='word_1_396' title='bbox 862 3649 932 3683; x_wconf 87' lang='lat' dir='ltr'>sacra</span> <span class='ocrx_word' id='word_1_397' title='bbox 943 3635 1066 3699; x_wconf 90' lang='lat' dir='ltr'>scriptura</span> <span class='ocrx_word' id='word_1_398' title='bbox 1076 3641 1192 3692; x_wconf 87' lang='lat' dir='ltr'>testante,</span> <span class='ocrx_word' id='word_1_399' title='bbox 1206 3646 1247 3694; x_wconf 90' lang='lat'>94.</span> 
     </span>
    </p>

    <p class='ocr_par' dir='ltr' id='par_1_81' title="bbox 862 3696 1394 3814">
     <span class='ocr_line' id='line_1_104' title="bbox 862 3696 1394 3756; baseline -0.002 -8"><span class='ocrx_word' id='word_1_400' title='bbox 862 3699 1059 3749; x_wconf 87' lang='lat' dir='ltr'>sacrandorum.</span> <span class='ocrx_word' id='word_1_401' title='bbox 1076 3736 1082 3748; x_wconf 98' lang='lat'>.</span> <span class='ocrx_word' id='word_1_402' title='bbox 1095 3736 1101 3750; x_wconf 92' lang='lat'>.</span> <span class='ocrx_word' id='word_1_403' title='bbox 1116 3701 1148 3747; x_wconf 89' lang='lat' dir='ltr'>ad</span> <span class='ocrx_word' id='word_1_404' title='bbox 1160 3696 1394 3756; x_wconf 82' lang='lat' dir='ltr'>sanctificationem,</span> 
     </span>
     <span class='ocr_line' id='line_1_105' title="bbox 898 3777 952 3814; baseline 0.037 -2"><span class='ocrx_word' id='word_1_405' title='bbox 898 3777 952 3814; x_wconf 92' lang='grc'><strong>100.</strong></span> 
     </span>
    </p>

    <p class='ocr_par' dir='ltr' id='par_1_82' title="bbox 861 3828 1297 3889">
     <span class='ocr_line' id='line_1_106' title="bbox 861 3828 1297 3889; baseline -0.005 -11"><span class='ocrx_word' id='word_1_406' title='bbox 861 3829 1062 3878; x_wconf 87' lang='lat' dir='ltr'>sacrandorum.</span> <span class='ocrx_word' id='word_1_407' title='bbox 1083 3865 1090 3879; x_wconf 97' lang='lat'>.</span> <span class='ocrx_word' id='word_1_408' title='bbox 1111 3865 1117 3877; x_wconf 98' lang='lat'>.</span> <span class='ocrx_word' id='word_1_409' title='bbox 1136 3828 1244 3889; x_wconf 79' lang='lat' dir='ltr'>effunde,</span> <span class='ocrx_word' id='word_1_410' title='bbox 1256 3839 1297 3889; x_wconf 95' lang='lat'>97.</span> 
     </span>
    </p>

    <p class='ocr_par' dir='ltr' id='par_1_83' title="bbox 861 3894 1156 3958">
     <span class='ocr_line' id='line_1_107' title="bbox 861 3894 1156 3958; baseline -0.003 -14"><span class='ocrx_word' id='word_1_411' title='bbox 861 3910 906 3944; x_wconf 87' lang='lat' dir='ltr'>sex</span> <span class='ocrx_word' id='word_1_412' title='bbox 917 3894 1005 3944; x_wconf 91' lang='lat' dir='ltr'>diebus</span> <span class='ocrx_word' id='word_1_413' title='bbox 1016 3911 1102 3958; x_wconf 89' lang='lat' dir='ltr'>opera,</span> <span class='ocrx_word' id='word_1_414' title='bbox 1116 3904 1156 3958; x_wconf 85' lang='lat'>51.</span> 
     </span>
    </p>

    <p class='ocr_par' dir='ltr' id='par_1_84' title="bbox 862 3959 1148 4023">
     <span class='ocr_line' id='line_1_108' title="bbox 862 3959 1148 4023; baseline 0 -15"><span class='ocrx_word' id='word_1_415' title='bbox 862 3975 962 4009; x_wconf 87' lang='lat' dir='ltr'>socrum</span> <span class='ocrx_word' id='word_1_416' title='bbox 974 3959 1092 4018; x_wconf 84' lang='lat' dir='ltr'>Simonis,</span> <span class='ocrx_word' id='word_1_417' title='bbox 1107 3959 1148 4023; x_wconf 82' lang='lat'>56.</span> 
     </span>
    </p>

    <p class='ocr_par' dir='ltr' id='par_1_85' title="bbox 861 4025 1206 4088">
     <span class='ocr_line' id='line_1_109' title="bbox 861 4025 1206 4088; baseline 0.003 -15"><span class='ocrx_word' id='word_1_418' title='bbox 861 4039 907 4073; x_wconf 88' lang='lat' dir='ltr'>sua</span> <span class='ocrx_word' id='word_1_419' title='bbox 917 4025 1025 4075; x_wconf 88' lang='lat' dir='ltr'>mirabili</span> <span class='ocrx_word' id='word_1_420' title='bbox 1036 4033 1169 4088; x_wconf 87' lang='lat' dir='ltr'>potestate,</span> <span class='ocrx_word' id='word_1_421' title='bbox 1183 4037 1206 4087; x_wconf 93' lang='lat'>7.</span> 
     </span>
    </p>

    <p class='ocr_par' dir='ltr' id='par_1_86' title="bbox 860 4090 1318 4150">
     <span class='ocr_line' id='line_1_110' title="bbox 860 4090 1318 4150; baseline 0.002 -12"><span class='ocrx_word' id='word_1_422' title='bbox 860 4090 907 4139; x_wconf 89' lang='lat' dir='ltr'>sub</span> <span class='ocrx_word' id='word_1_423' title='bbox 918 4097 976 4140; x_wconf 88' lang='lat' dir='ltr'>tuae</span> <span class='ocrx_word' id='word_1_424' title='bbox 987 4090 1124 4140; x_wconf 85' lang='lat' dir='ltr'>maiestatis</span> <span class='ocrx_word' id='word_1_425' title='bbox 1134 4091 1247 4150; x_wconf 83' lang='lat' dir='ltr'>arbitrio,</span> <span class='ocrx_word' id='word_1_426' title='bbox 1264 4101 1318 4150; x_wconf 86' lang='lat'>130.</span> 
     </span>
    </p>

    <p class='ocr_par' dir='ltr' id='par_1_87' title="bbox 860 4154 1232 4221">
     <span class='ocr_line' id='line_1_111' title="bbox 860 4154 1232 4221; baseline 0.005 -18"><span class='ocrx_word' id='word_1_427' title='bbox 860 4154 1074 4219; x_wconf 87' lang='lat' dir='ltr'>triumphantibus</span> <span class='ocrx_word' id='word_1_428' title='bbox 1085 4171 1132 4221; x_wconf 92' lang='lat' dir='ltr'>pro</span> <span class='ocrx_word' id='word_1_429' title='bbox 1143 4163 1176 4216; x_wconf 90' lang='lat' dir='ltr'>te,</span> <span class='ocrx_word' id='word_1_430' title='bbox 1191 4169 1232 4218; x_wconf 86' lang='lat'>34.</span> 
     </span>
    </p>

    <p class='ocr_par' dir='ltr' id='par_1_88' title="bbox 859 4219 1226 4284">
     <span class='ocr_line' id='line_1_112' title="bbox 859 4219 1226 4284; baseline 0.003 -14"><span class='ocrx_word' id='word_1_431' title='bbox 859 4219 1018 4284; x_wconf 82' lang='lat' dir='ltr'>unigenitum</span> <span class='ocrx_word' id='word_1_432' title='bbox 1029 4236 1100 4270; x_wconf 88' lang='lat' dir='ltr'>suum</span> <span class='ocrx_word' id='word_1_433' title='bbox 1113 4221 1187 4280; x_wconf 88' lang='lat' dir='ltr'>misit,</span> <span class='ocrx_word' id='word_1_434' title='bbox 1201 4221 1226 4271; x_wconf 91' lang='lat'>6.</span> 
     </span>
    </p>

    <p class='ocr_par' dir='ltr' id='par_1_89' title="bbox 859 4285 1394 4414">
     <span class='ocr_line' id='line_1_113' title="bbox 859 4285 1394 4345; baseline 0 -10"><span class='ocrx_word' id='word_1_435' title='bbox 859 4285 1035 4336; x_wconf 83' lang='lat' dir='ltr'>vestimentum</span> <span class='ocrx_word' id='word_1_436' title='bbox 1052 4287 1161 4336; x_wconf 87' lang='lat' dir='ltr'>salutare</span> <span class='ocrx_word' id='word_1_437' title='bbox 1186 4325 1192 4336; x_wconf 87' lang='lat'>.</span> <span class='ocrx_word' id='word_1_438' title='bbox 1220 4324 1226 4336; x_wconf 94' lang='lat'>.</span> <span class='ocrx_word' id='word_1_439' title='bbox 1249 4323 1256 4336; x_wconf 96' lang='lat'>.</span> <span class='ocrx_word' id='word_1_440' title='bbox 1278 4293 1305 4334; x_wconf 92' lang='lat' dir='ltr'>ut</span> <span class='ocrx_word' id='word_1_441' title='bbox 1323 4285 1394 4345; x_wconf 85' lang='lat' dir='ltr'>haec,</span> 
     </span>
     <span class='ocr_line' id='line_1_114' title="bbox 895 4361 950 4414; baseline 0.018 -14"><span class='ocrx_word' id='word_1_442' title='bbox 895 4361 950 4414; x_wconf 83' lang='lat'>135.</span> 
     </span>
    </p>

    <p class='ocr_par' dir='ltr' id='par_1_90' title="bbox 859 4416 1393 4477">
     <span class='ocr_line' id='line_1_115' title="bbox 859 4416 1393 4477; baseline 0.006 -13"><span class='ocrx_word' id='word_1_443' title='bbox 859 4416 1036 4467; x_wconf 86' lang='lat' dir='ltr'>vestimentum</span> <span class='ocrx_word' id='word_1_444' title='bbox 1058 4417 1165 4466; x_wconf 85' lang='lat' dir='ltr'>salutare</span> <span class='ocrx_word' id='word_1_445' title='bbox 1191 4455 1196 4466; x_wconf 93' lang='lat'>.</span> <span class='ocrx_word' id='word_1_446' title='bbox 1226 4454 1232 4465; x_wconf 92' lang='lat'>.</span> <span class='ocrx_word' id='word_1_447' title='bbox 1260 4454 1265 4465; x_wconf 93' lang='lat'>.</span> <span class='ocrx_word' id='word_1_448' title='bbox 1286 4423 1313 4466; x_wconf 88' lang='lat' dir='ltr'>ut</span> <span class='ocrx_word' id='word_1_449' title='bbox 1335 4417 1393 4477; x_wconf 87' lang='lat' dir='ltr'>hoc,</span> 
     </span>
    </p>
   </div>
   <div class='ocr_carea' id='block_1_25' title="bbox 894 4494 948 4544">
    <p class='ocr_par' dir='ltr' id='par_1_91' title="bbox 894 4494 948 4544">
     <span class='ocr_line' id='line_1_116' title="bbox 894 4494 948 4544; baseline 0.019 -14"><span class='ocrx_word' id='word_1_450' title='bbox 894 4494 948 4544; x_wconf 83' lang='lat'>133.</span> 
     </span>
    </p>
   </div>
   <div class='ocr_carea' id='block_1_26' title="bbox 0 0 1692 5250">
    <p class='ocr_par' dir='ltr' id='par_1_92' title="bbox 0 0 1692 5250">
     <span class='ocr_line' id='line_1_117' title="bbox 0 0 1692 5250; baseline 0 2"><span class='ocrx_word' id='word_1_451' title='bbox 0 0 1692 5250; x_wconf 95' lang='lat' dir='ltr'> </span> 
     </span>
    </p>
   </div>
  </div>
 </body>
</html>
