3375 5250
310 361 358 413 118
531 365 587 413 DE
608 365 738 413 SACRIS
760 363 970 413 ORDINIBUS
988 361 1292 412 BENEDICENDIS.

817 572 902 636 Item
922 572 1004 638 alia.

383 723 506 790 Omine
528 726 692 803 sanctae†
713 736 809 809 pater
826 725 1042 809 omnipotens
1060 725 1242 802 aeternae†
1261 724 1363 787 deus.
1376 722 1434 805 qui
1456 742 1517 804 per

424 811 554 877 ihesum
578 813 739 877 christum
773 811 880 877 filium
911 822 1007 877 tuum
1033 814 1068 875 in
1095 813 1185 876 hunc
1211 812 1374 875 mundum
1400 810 1514 873 lumen

310 897 471 964 claritatis
499 898 641 965 misisti.
658 910 693 964 et
715 901 749 962 in
773 920 871 963 cruce
894 900 1060 982 passionis
1086 909 1166 964 tuae
1188 899 1422 981 triumphans.
1438 915 1515 959 san-

311 985 447 1067 guinem
471 995 505 1052 et
527 1007 650 1069 aquam
674 1008 720 1051 ex
738 986 842 1052 latere
868 996 929 1051 tuo
951 1008 1013 1071 pro
1036 1007 1159 1069 genere
1182 986 1332 1049 humano
1356 984 1516 1066 dignatus

311 1092 347 1135 es
377 1073 547 1137 effundere
570 1122 578 1139 .
598 1084 633 1138 et
665 1094 725 1157 per
762 1074 934 1156 apostolos
964 1084 1041 1138 tuos
1080 1074 1114 1137 in
1150 1074 1216 1137 hoc
1253 1070 1366 1135 seculo
1403 1071 1516 1134 iumen

310 1160 438 1240 gratiae
467 1162 626 1245 spiritalis
657 1160 776 1225 misisti
797 1210 805 1224 .
824 1162 872 1225 ita
901 1161 1099 1224 benedicere
1122 1159 1269 1243 digneris
1296 1159 1384 1222 hunc
1408 1157 1516 1221 samu·

311 1246 381 1310 lum
399 1256 495 1312 tuum
516 1248 550 1311 ill
568 1298 577 1313 .
593 1249 627 1312 in
648 1247 794 1312 officium
816 1247 971 1313 accoliti.
987 1257 1025 1311 ut
1046 1248 1089 1311 ad
1112 1247 1364 1311 accendendum
1385 1245 1516 1309 clarita-

310 1333 354 1397 tis
379 1334 520 1400 eclesiae
546 1343 625 1400 tuae
645 1335 758 1399 lumen
776 1382 784 1399 .
800 1345 834 1399 et
856 1335 901 1398 ad
924 1338 1172 1417 suggerendum
1195 1335 1312 1398 uinum
1335 1341 1370 1395 et
1392 1351 1516 1414 aquam

310 1421 354 1484 ad
377 1421 621 1486 conficiendum
644 1423 815 1505 sanguinis
837 1422 886 1487 tui
910 1421 1123 1508 mysterisum
1146 1422 1181 1485 in
1204 1420 1302 1484 offer·
1324 1416 1514 1505 [sol.136v.

310 1508 400 1571 endo
437 1509 672 1573 eucharistiam
689 1558 697 1574 .
713 1510 839 1573 sanctis
877 1509 1038 1573 altaribus
1074 1509 1139 1574 tuis
1178 1507 1319 1572 fideliter
1353 1507 1516 1569 submini-

310 1604 417 1660 stret.
440 1596 586 1660 accende
623 1598 760 1661 domine
798 1597 869 1661 eius
899 1606 1047 1661 mentem
1078 1607 1112 1660 et
1142 1594 1200 1659 ctir
1236 1594 1281 1659 ad
1311 1592 1436 1656 amoris
1465 1594 1514 1655 tui

310 1682 513 1746 desiderium
535 1733 544 1748 .
564 1694 598 1747 et
629 1684 772 1766 gratiam
805 1694 884 1749 tuae
915 1683 1137 1749 miserationis
1166 1683 1200 1746 in
1232 1702 1273 1745 eo
1302 1690 1362 1744 tua
1392 1681 1516 1743 uirtute

308 1767 469 1834 confirma
486 1819 493 1834 .
510 1791 577 1854 per.

379 2028 491 2094 ORDO
514 2042 706 2106 QUALITER
731 2042 949 2094 PRESBITERI
966 2042 1149 2095 .D1ACONI
1167 2075 1175 2092 .
1193 2042 1423 2094 SUBDIACONI
1442 2077 1449 2090 .

736 2129 955 2180 ORDINANDI
977 2130 1087 2183 SUNT.

226 2344 229 2350 Ι
308 2251 407 2382 M
405 2253 510 2351 Ensis
519 2299 528 2316 .
534 2254 644 2333 primi
654 2302 660 2315 .
673 2254 803 2335 qumti.
816 2254 961 2335 septimi.
974 2263 1006 2316 et
1030 2252 1163 2317 decimi.
1175 2252 1383 2316 sabbatorum
1406 2250 1460 2314 die
1482 2251 1518 2312 iu

443 2360 504 2403 xii.

526 2339 731 2404 lectionibus.
748 2340 805 2403 ubi
826 2340 924 2423 ennae
943 2340 1145 2404 celebrantur
1164 2387 1172 2403 .
1183 2340 1287 2424 finita
1311 2337 1521 2402 benedictione

305 2435 479 2575 Ξηίεᾳιιαφη
512 2427 715 2510 maugelium
749 2427 899 2509 legatur.
915 2427 1095 2491 annuntiat
1116 2428 1271 2511 pontisas
1302 2428 1337 2488 in
1361 2426 1516 2508 populum

329 2534 418 2579 icens.

374 2748 548 2812 Uxiliante
579 2748 718 2812 domino
744 2750 809 2812 deo
837 2757 872 2813 et
902 2748 1070 2814 saluatore
1100 2760 1215 2814 nostro
1241 2749 1335 2813 ihesu
1367 2750 1515 2813 christo.

419 2836 574 2918 eligimus
605 2837 639 2898 in
670 2835 821 2899 ordinem
849 2836 981 2899 diaconi
1007 2837 1078 2900 siue
1102 2838 1276 2920 presbiteri
1303 2837 1338 2900 ill
1356 2885 1364 2902 .
1381 2837 1515 2901 subdia-

310 2943 430 2986 conum
447 2925 518 2986 siue
534 2923 711 2986 diaconum
724 2972 731 2988 .
744 2925 787 2987 de
808 2923 909 2987 titulo
931 2923 988 2991 illo
1009 2923 1044 2985 ill
1057 2974 1063 2987 .
1076 2925 1298 3006 presbiterum
1314 2926 1358 2988 ad
1379 2924 1514 2988 titulum

309 3011 344 3073 ili
362 3059 371 3075 .
389 3008 426 3074 Si
456 3012 531 3092 quis
562 3019 675 3074 autem
706 3010 808 3073 habet
839 3011 965 3093 aliquid
999 3023 1117 3075 contra
1146 3011 1208 3074 hos
1238 3013 1327 3075 uiros
1357 3031 1419 3093 pro
1450 3013 1515 3074 deo

310 3107 344 3161 et
374 3108 510 3180 propter
540 3100 667 3162 deum.
689 3118 765 3160 cum
797 3096 921 3163 fiducia
946 3107 1048 3162 exeat
1078 3107 1113 3162 et
1142 3099 1234 3163 dicat
1255 3147 1263 3163 .
1284 3107 1515 3162 uerumtamen

311 3203 440 3248 mernor
462 3185 506 3247 sit
528 3186 774 3249 communionis
790 3204 881 3250 suae.

353 3371 496 3456 [Deinde
515 3373 666 3436 accedant
685 3374 744 3454 qui
763 3371 943 3436 ordinandi
962 3381 1063 3436 sunt.
1085 3381 1117 3435 et
1130 3381 1341 3454 prostemaut
1355 3368 1427 3456 [sot.
1446 3387 1515 3450 137.

308 3480 343 3522 sc
371 3470 447 3523 oute
466 3461 572 3523 altam
586 3509 593 3522 .
609 3469 640 3522 et
671 3459 801 3522 dicatur
831 3461 974 3523 letania.
991 3479 1057 3541 qua
1085 3461 1206 3540 expleta
1242 3461 1373 3541 erigant
1407 3480 1465 3523 se.
1486 3469 1518 3521 et

309 3547 461 3610 inclinati
490 3557 576 3610 stent
607 3556 683 3609 aute
712 3547 914 3629 episcopum.
935 3556 968 3610 et
1003 3545 1230 3610 benedicantur
1258 3552 1300 3609 ab
1329 3567 1362 3608 co
1392 3547 1445 3609 uti
1480 3547 1515 3608 in

305 3634 505 3715 sequentibus
524 3635 679 3716 scriptum
698 3633 841 3697 babetur.

669 3905 890 3970 Onomnsuo
914 3920 1152 3973 susmncour.

381 4056 584 4123 Ubdiaconus
611 4080 683 4122 cum
717 4059 918 4124 ordinatur.
940 4062 1018 4142 quia
1047 4084 1166 4127 inauus
1198 4065 1422 4148 inpositionem
1453 4086 1515 4128 nou

411 4147 524 4228 accc'pit
541 4155 716 4229 patenam
750 4148 790 4211 de
819 4169 920 4211 nicanu
958 4149 1094 4232 episcopi
1123 4152 1261 4232 accipiat
1295 4172 1435 4216 uacuam
1455 4199 1462 4214 .
1483 4162 1516 4214 et

302 4233 429 4297 calicem
455 4255 594 4297 numum
610 4282 617 4296 .
633 4235 674 4296 dc
702 4255 802 4298 riianu
828 4255 905 4297 itero
933 4237 1156 4301 archidiaconi
1182 4239 1322 4321 accipiat
1353 4239 1514 4303 urecolum

300 4340 372 4467 ἔξω
410 4321 743 4403 aquamanilem
775 4323 1046 4405 manutergium.
1070 4334 1101 4388 et
1129 4324 1218 4389 dicat
1249 4327 1409 4409 episcopus
1440 4325 1513 4389 sub-

325 4427 442 4473 zacono.
