3375 5250
626 374 681 423 AD
706 375 904 425 CLERICUM
920 375 1158 425 FACIENDUM.

533 645 684 711 Ounno
707 660 759 710 nn
782 660 976 712 cuumcuu
1000 644 1253 712 inlcucunuu.1

365 802 492 866 Remus
510 792 716 865 dilectissimi
740 800 857 866 fratres
876 802 1050 865 dominum
1072 811 1224 866 nostrum
1247 802 1377 867 ihesum
1396 801 1499 865 chris-

406 900 579 971 tum.pro
626 888 690 954 hoc
733 889 861 952 famulo
903 888 1133 972 suo.N.qui
1175 889 1219 953 ad
1262 890 1498 972 deponendam

293 998 424 1043 comam
444 977 562 1059 capitis
580 976 631 1039 sui
649 995 710 1058 pro
726 976 797 1039 eius
815 995 930 1039 amore
945 976 1081 1041 festinat
1097 1024 1106 1041 .
1124 986 1161 1040 ut
1177 977 1280 1041 donet
1295 976 1326 1039 ei
1344 976 1498 1059 spiritum

293 1075 447 1129 sanctum
462 1112 470 1128 .
487 1063 544 1145 qui
568 1062 721 1126 habitum
748 1062 916 1146 religionis
942 1063 976 1125 in
999 1082 1041 1126 eo
1063 1072 1262 1147 perpetuum
1292 1074 1495 1128 conseruet.

293 1162 328 1217 et
366 1172 387 1215 a
427 1150 543 1215 mundi
582 1151 813 1232 inpedimento
851 1149 903 1212 uel
942 1148 1081 1213 seculari
1128 1150 1294 1213 desiderio
1334 1170 1391 1213 cor
1428 1149 1499 1213 eius

294 1239 482 1302 defendat.
504 1245 541 1300 ut
572 1237 657 1300 sicut
687 1238 871 1300 inmutatur
900 1236 933 1299 in
966 1236 1090 1301 uultu.
1112 1237 1159 1300 ita
1187 1257 1306 1300 manus
1336 1238 1498 1301 dexterae

294 1327 365 1390 eius
383 1326 413 1388 ei
432 1324 565 1387 uirtutis
583 1323 707 1387 tribuat
726 1325 954 1389 incrementa.
971 1333 1006 1387 et
1021 1325 1065 1387 ab
1080 1323 1173 1387 omni
1192 1324 1331 1389 cecitate
1350 1324 1499 1387 humana

292 1411 407 1477 oculos
437 1412 508 1474 eius
538 1410 666 1492 aperiat
687 1459 694 1475 .
715 1419 750 1473 et
772 1410 885 1474 lumen
909 1411 939 1473 ei
962 1419 1117 1474 aeternae
1146 1413 1273 1493 gratiae
1303 1412 1497 1474 concedat.

293 1500 350 1582 qui
373 1498 457 1563 uiuit
481 1518 557 1561 curn
580 1498 653 1561 de0.

857 1687 949 1752 Alia

295 1838 465 1963 ADesto
488 1836 624 1899 domine
655 1833 954 1919 supplicationibus
985 1836 1129 1899 nostris.
1147 1834 1196 1920 set
1218 1835 1307 1899 hunc
1331 1833 1400 1917 [fol.
1428 1850 1500 1912 133.

401 1923 563 1988 famulum
584 1972 592 1988 .
612 1923 645 1986 N
664 1922 889 1987 ,benedicere
926 1923 1087 2005 dignare.
1104 1924 1157 1985 cui
1205 1923 1239 1985 in
1277 1931 1337 1985 tuo
1384 1931 1502 1984 sancto

293 2012 429 2077 nomine
448 2010 600 2074 habitum
620 2030 733 2073 sacrae
753 2010 922 2092 religionis
945 2010 1138 2092 inponimus
1151 2057 1159 2073 .
1171 2019 1208 2073 ut
1227 2018 1262 2073 te
1284 2008 1448 2092 largiente
1466 2018 1501 2072 et

293 2104 436 2165 deuotus
468 2098 501 2160 in
534 2096 656 2160 eclesia
687 2097 894 2178 persistere.
920 2106 954 2161 et
986 2096 1091 2160 uitam
1126 2096 1295 2179 percipere
1333 2104 1500 2159 mereatur

293 2198 463 2253 aeternam
480 2233 487 2248 .
504 2204 564 2267 per
587 2183 769 2247 dominum.

485 2420 578 2483 Dum
602 2416 736 2495 rendist
757 2439 829 2482 aum
850 2465 858 2483 .
878 2419 968 2482 dicas
985 2419 1195 2502 antiphonam
1218 2419 1309 2483 hana.

340 2585 406 2650 Hic
437 2583 579 2665 accipiet
612 2581 880 2648 benedictionem
908 2604 929 2648 a
957 2583 1095 2649 domino
1125 2594 1159 2649 et
1191 2585 1451 2651 misericordiam
1480 2606 1501 2648 a

294 2675 359 2738 deo
374 2672 512 2736 salutari
534 2691 594 2734 suo
611 2718 618 2735 .
634 2671 712 2751 quia
730 2672 814 2735 haec
833 2680 884 2734 est
900 2673 1071 2754 generatio
1087 2675 1296 2755 querentium
1316 2674 1500 2738 dominum.

292 2762 348 2826 Ps.
365 2808 373 2825 .
392 2758 531 2824 Domini
554 2766 606 2820 est
627 2767 723 2822 terra

753 3006 918 3089 Sequatur
938 3009 1050 3073 aratra.

297 3152 561 3281 OMnipotens
584 3150 834 3234 sempiternaet
817 3151 964 3231 †.deus
981 3152 1160 3237 propitiare
1182 3155 1330 3238 peccatis
1355 3156 1499 3219 nostris.

408 3248 443 3303 et
465 3239 509 3302 da
531 3247 568 3301 ut
605 3234 648 3301 ab
675 3239 766 3302 omni
796 3241 957 3304 seruitute
987 3240 1143 3305 secularis
1174 3240 1308 3307 habitus
1339 3243 1422 3306 liber
1447 3242 1502 3306 hic

296 3325 440 3392 famulus
461 3335 563 3389 tuus.
581 3324 638 3389 N.
655 3325 775 3388 dum'
766 3327 985 3408 ignominiam
1016 3327 1156 3411 deponit
1186 3339 1245 3393 tua
1274 3350 1406 3412 semper
1426 3349 1501 3412 per-

295 3416 423 3479 fruatur
440 3413 570 3496 gratia.
588 3422 622 3476 et
640 3411 723 3476 sicut
742 3413 994 3477 similitudinem
1010 3434 1153 3479 coronae
1172 3424 1250 3480 tuae
1272 3437 1349 3481 eum
1368 3422 1502 3500 gestare

296 3501 467 3567 fecimus'
458 3520 491 3562 rn
515 3499 646 3582 capite.
663 3500 711 3562 sic
733 3509 826 3563 tuam
851 3502 1010 3565 uirtutem
1033 3510 1068 3565 et
1089 3503 1311 3567 hereditatem
1342 3504 1501 3586 subsequi

296 3597 463 3654 mereatur
484 3587 517 3650 in
539 3585 662 3650 corde.
679 3606 739 3670 per
761 3588 944 3652 dominum.

860 3815 951 3880 Alia.

303 3955 467 4081 PResta
500 3973 680 4035 quesumus
713 3951 927 4036 omnipotens
958 3954 1063 4017 deus.
1079 3951 1156 4016 huic
1189 3950 1313 4015 famulo
1344 3960 1404 4014 tuo
1419 4000 1426 4015 .
1443 3951 1502 4015 N.

403 4041 497 4105 cuius
515 4041 614 4104 hodie
629 4039 747 4124 capitis
766 4059 898 4103 comam
916 4060 977 4123 pro
993 4040 1108 4104 diuino
1127 4059 1242 4104 amore
1264 4037 1501 4120 deposuimus.

296 4141 335 4196 ut
357 4128 390 4192 in
413 4138 473 4192 tua
495 4127 673 4190 dilectione
702 4136 865 4210 perpetua
887 4136 1046 4194 maneat.
1062 4138 1096 4192 et
1118 4146 1196 4190 eum
1218 4125 1290 4189 sine
1313 4124 1445 4188 macula
1468 4127 1504 4187 in

298 4216 538 4300 sempiternum
561 4215 752 4279 custodias.
768 4234 827 4298 per
849 4215 1033 4278 dominum.
1527 4220 1532 4226 “

331 4392 340 4421 ¹
357 4390 413 4440 The
424 4389 507 4454 plural
518 4388 700 4449 terminations‚
710 4395 736 4438 to
748 4389 781 4439 be
791 4390 853 4440 used
864 4389 891 4440 in
898 4390 941 4441 the
952 4405 1009 4440 case
1017 4389 1047 4439 oi
1055 4405 1124 4440 more
1135 4389 1217 4440 clerks
1228 4389 1288 4439 than
1300 4404 1357 4449 one,
1367 4404 1409 4438 are
1420 4387 1505 4437 added

297 4459 412 4509 between
424 4455 466 4506 the
477 4454 541 4505 lines
553 4454 583 4504 oi
590 4454 639 4504 this
649 4454 722 4505 form.
