3375 5250
564 428 805 481 BENEDICTIO
832 432 1006 483 VIRGINIS.
1349 442 1359 481 Ι
1364 440 1395 494 35

187 596 288 665 atque
315 589 467 673 inuigilet
483 642 490 657 .
508 591 651 656 Peccata
671 614 738 657 sua
764 594 971 660 incessanter
997 617 1073 660 cum
1098 595 1242 660 lacrimis
1265 603 1300 659 et
1322 615 1393 658 sus-

188 675 280 755 piriis
309 687 468 743 accuset.
485 688 519 742 et
548 689 582 743 te
605 680 706 743 deum
732 679 1024 766 [omnipotentem
1038 683 1143 746 corde·
1162 692 1197 747 et
1226 679 1299 769 [lol.
1320 682 1392 763 156.

189 782 291 844 opere
313 765 523 829 circumferat
546 776 648 848 atque
674 769 843 833 deseruiat
859 817 868 835 .
885 769 1026 853 Suscipe
1052 770 1188 834 domine
1211 789 1393 851 quesumus

187 858 284 929 pater
313 853 527 934 omnipotens
566 854 656 917 hunc
685 854 849 919 famulum
879 868 975 921 tuum
1018 858 1191 939 N.quem
1223 857 1266 920 de
1295 856 1394 919 huius

187 936 312 1000 saeculi
338 938 520 1021 naufragiis
546 950 581 1004 et
604 941 757 1023 periculis
781 944 851 1007 erui
867 992 875 1009 .
891 955 926 1009 et
950 944 994 1009 ad
1021 945 1243 1009 monasticam
1262 962 1394 1006 ‘uocare

188 1022 346 1104 dignatus
363 1046 399 1089 es
414 1027 580 1109 gratiam.
599 1027 757 1093 Concede
780 1032 946 1114 propitius
969 1041 1007 1096 ut
1029 1042 1136 1097 artam
1155 1040 1190 1095 et
1212 1039 1392 1112 angustam

186 1129 290 1190 quam
306 1114 473 1194 professus
489 1124 541 1178 est
557 1115 662 1178 uitam
681 1115 802 1199 iugiter
824 1129 938 1183 teneat
950 1169 958 1184 .
970 1118 1090 1202 diligat
1113 1128 1215 1200 atque
1230 1126 1393 1182 sectetur.

187 1198 345 1277 quatinus
372 1204 414 1265 ad
442 1209 612 1265 aeternam
636 1222 738 1284 quam
765 1206 799 1267 in
823 1214 858 1269 te
882 1206 1172 1287 perseuerantibus
1196 1204 1392 1288 promittere

186 1284 345 1366 dignatus
368 1308 403 1351 es
426 1288 568 1372 gloriam
591 1291 764 1372 peruenire
787 1306 976 1359 mereatur.
994 1314 1062 1377 per.

388 1584 535 1649 INCIPIT
558 1597 789 1651 BENEDICTIO
814 1598 985 1651 UESTIUM
1009 1599 1195 1650 UIRGINIS.
1268 1595 1270 1600 ’

257 1733 329 1798 Eus
358 1735 415 1817 qui
454 1738 692 1801 uestimentum
722 1736 866 1800 salutare
881 1785 889 1799 .
905 1744 940 1798 et
974 1734 1208 1798 indumentum
1239 1742 1397 1799 aeternae

301 1822 515 1887 iocunditatis
545 1825 612 1888 tuis
642 1824 797 1888 fidelibus
833 1822 1016 1905 promisisti
1033 1872 1040 1885 .
1056 1822 1269 1886 clementiam
1299 1831 1393 1885 tuam

186 1908 380 1992 suppliciter
405 1930 611 1976 exoramus.
633 1922 670 1975 ut
693 1912 776 1975 haec
804 1912 1002 1973 indumenta
1027 1909 1253 1972 humilitatem
1279 1908 1392 1971 cordis

185 2005 220 2060 et
242 1996 475 2079 contemptum
499 1998 615 2061 mundi
637 1998 884 2081 significantia.
901 1996 1021 2078 quibus
1044 1996 1170 2059 famula
1192 2004 1253 2059 tua
1274 2004 1394 2058 sancto

186 2082 361 2147 uisibiliter
389 2094 441 2148 est
471 2086 684 2149 informanda
714 2086 917 2168 proposito,
942 2083 1106 2166 propitius
1136 2082 1339 2146 benedicas.
1355 2091 1394 2145 ut

185 2172 306 2234 beatae
342 2172 506 2236 castitatis
541 2173 693 2236 habitum
723 2192 825 2255 quem
856 2182 891 2235 te
920 2171 1104 2253 inspirante
1133 2169 1317 2253 susceperit
1334 2218 1341 2233 .
1357 2177 1393 2232 te

186 2266 386 2340 protegente
409 2259 577 2324 custodiat
594 2309 602 2325 .
618 2280 684 2344 per.

723 2442 816 2506 Alia.

187 2580 201 2667 l
272 2582 342 2648 Eus
364 2584 556 2665 bonorum'f
570 2585 581 2668 ,⁵
585 2587 743 2651 uirtutum
769 2588 888 2653 dator.
901 2596 935 2652 et
962 2587 1112 2651 omnium
1132 2587 1188 2651 be·
1213 2585 1395 2670 [lol.156v.

318 2673 547 2738 nedictionum
581 2675 693 2758 largus
720 2675 849 2739 infusor
863 2724 871 2739 .
887 2677 1012 2739 exaudi
1036 2695 1151 2758 preces
1189 2682 1344 2738 nostras.
1361 2683 1395 2736 et

185 2756 273 2820 hanc
294 2770 422 2823 uestem
438 2781 539 2842 quam
567 2760 694 2825 famula
711 2771 792 2828 tua.
809 2783 830 2826 n
847 2811 854 2826 .
871 2783 934 2845 pro
956 2763 1207 2826 conseruandae
1231 2760 1396 2824 castitatis

185 2845 284 2992 {igno
309 2866 358 2946 'se
385 2848 648 2930 adoperiendam
685 2851 842 2933 exposcit
858 2898 865 2915 .
881 2849 1080 2914 benedicere
1118 2859 1167 2914 et·
1186 2847 1395 2912 sanctificare

212 2951 334 3013 rgnerrs
351 2981 359 2998 .
375 2954 442 3016 per.
524 2979 526 2984 ·

566 3205 803 3270 Buuamcmo
827 3218 1011 3270 umcuus.

246 3356 413 3420 Enedicat
435 3363 469 3419 te
492 3355 645 3419 conditor
661 3355 744 3418 caeli
767 3364 801 3420 et
823 3364 948 3420 terrae.
962 3355 1044 3420 deus
1068 3365 1164 3438 pater
1179 3354 1395 3437 omnipotens

289 3442 347 3526 qui
376 3453 411 3506 te
441 3443 565 3525 eligere
595 3443 752 3524 dignatus
783 3451 865 3506 est.
889 3445 932 3507 ad
963 3443 1070 3507 instar
1098 3452 1236 3506 sanctae
1268 3442 1394 3505 mariae

187 3530 302 3593 matris
327 3529 455 3593 domini
479 3529 584 3592 nostri
606 3530 699 3592 ihesu
723 3530 913 3595 christi.ad
936 3531 1205 3594 conseruandum
1229 3529 1393 3610 integram

185 3626 219 3679 et
246 3617 487 3680 inmaculatam
511 3617 740 3698 uirginitatem
767 3636 870 3699 quam
895 3618 1044 3697 professa
1070 3639 1106 3682 es
1130 3635 1243 3680 coram
1268 3616 1334 3679 deo
1361 3626 1396 3678 et

186 3703 313 3786 angelis
337 3705 463 3768 sanctis
486 3749 494 3767 .
520 3703 648 3768 Idcirco
672 3724 768 3766 serua
798 3705 1035 3786 propositum.
1055 3724 1151 3767 serua
1178 3703 1393 3767 castitatem.

186 3810 245 3871 per
268 3791 492 3872 patientiam.
509 3801 546 3855 ut
579 3810 738 3854 coronam
768 3791 971 3874 uirginitatis
1001 3802 1080 3856 tuae
1110 3791 1262 3873 accipere
1291 3790 1396 3871 digna

185 3877 229 3940 sls
245 3926 253 3941 .
269 3897 336 3961 per.

701 4091 783 4154 Item
799 4091 881 4156 ulia.

193 4230 415 4357 BEnedicat
438 4239 472 4294 te
491 4231 574 4294 deus
597 4239 693 4312 pater
708 4277 717 4294 .
732 4239 767 4293 et
789 4227 897 4292 filius.
915 4235 949 4291 et
972 4227 1107 4310 spiritus
1130 4238 1265 4291 sanctus
1280 4276 1287 4291 .
1304 4227 1397 4290 omni

290 4319 527 4382 benedictione
550 4317 691 4399 spiritali
704 4366 711 4382 .
724 4328 761 4381 ut
783 4334 921 4379 maneas
946 4315 1157 4396 incorrupta.
1169 4314 1350 4378 inuiolata.
1363 4326 1398 4377 et

185 4405 391 4470 inmaculata
404 4455 411 4470 .
423 4406 486 4469 sub
503 4405 706 4469 uestimento
722 4413 860 4467 sanctae
877 4402 1001 4465 mariae
1018 4403 1133 4466 matris
1149 4401 1277 4465 domini
1294 4403 1398 4464 nostri

186 4491 280 4557 ihesu
311 4492 456 4558 christi.
480 4493 669 4574 requiescat
699 4511 800 4573 super
837 4500 872 4553 te
907 4489 1043 4571 spiritus
1080 4487 1285 4572 septiformis
1315 4489 1396 4551 dei.
