3375 5250
387 431 627 482 BENEDICTIO
650 432 884 481 CATHEDRAE
906 430 1155 482 EPISCOPALIS.
1335 428 1381 492 165

558 612 587 671 Α
590 613 613 669 d
616 612 745 687 pollicem
760 613 989 670 consecrandum.

170 739 299 867 DEus
320 750 351 800 et
375 750 460 818 pater
483 740 599 802 domini
623 740 716 802 nostri
741 741 826 801 ihesu
852 738 956 800 christi
981 738 1034 817 qui
1058 747 1089 799 te
1112 737 1152 798 ad
1174 734 1379 830 pontificalem

275 820 426 883 sublimari
450 822 546 883 uoluit
571 819 781 900 dignitatem'
773 840 838 898 rpse
859 831 890 881 te
920 818 1082 881 chrismate
1104 830 1134 880 et
1164 818 1282 894 mistice
1306 815 1379 877 deli-

164 899 297 964 butionis
321 902 436 980 liquore
463 904 647 981 perfundat.
663 914 693 964 et
718 901 879 980 spiritualis
905 901 1129 963 benedictionis
1152 902 1289 961 ubertate
1313 900 1377 959 soe·

165 984 293 1045 cundet.
310 994 343 1043 ut
368 983 511 1062 quicquid
533 983 765 1047 sanctificaueris
783 983 1011 1044 sanctificetur
1026 991 1056 1043 et
1073 984 1248 1058 consecrate
1269 998 1377 1041 manus

163 1062 249 1127 istius
269 1067 319 1127 uel
340 1065 488 1143 pollicis
481 1065 634 1149 impositio
650 1112 657 1127 .
673 1065 789 1126 cunctis
809 1063 947 1143 proficiat
968 1063 1008 1124 ad
1029 1064 1179 1152 salutem..
1194 1082 1257 1141 per.

633 1319 795 1379 Benedictio
815 1320 918 1380 omli.

236 1448 414 1525 Mnipotens
440 1458 470 1509 et
498 1446 666 1508 misericors
687 1450 781 1510 deus.
797 1448 849 1528 qui
874 1448 1020 1510 ineffabili
1048 1447 1186 1509 bonitate
1211 1448 1290 1508 uotis
1311 1464 1378 1523 sup-

275 1530 452 1607 phcantium
474 1527 609 1592 assistis.
625 1528 737 1608 quique
762 1550 800 1591 ex
825 1541 875 1608 tuq
898 1530 1019 1609 pietatis
1049 1528 1256 1589 habundantia
1287 1527 1378 1587 affec-

165 1620 230 1670 tum
250 1610 374 1688 petendi
394 1610 552 1672 attribuis.
568 1611 677 1671 baculo
700 1611 772 1671 huic
793 1630 884 1689 quem
905 1613 944 1672 ad
965 1610 1125 1704 pastoralis
1146 1608 1238 1702 officii
1258 1608 1378 1685 signum

165 1692 196 1751 in
220 1703 273 1752 tuo
296 1692 420 1753 nomine
443 1694 642 1753 dedicamus.
656 1702 727 1753 tuae
750 1691 972 1753 benedictionis
1001 1692 1062 1751 uim
1084 1690 1208 1768 copiose
1229 1689 1378 1749 infunde.

165 1784 198 1833 ut
218 1791 256 1833 eo
274 1784 377 1849 pastor
395 1772 569 1850 insignitus.
582 1774 625 1833 sic
644 1774 791 1851 populum
811 1785 896 1834 tuum
911 1771 1039 1834 sollicite
1056 1774 1208 1833 custodiat
1220 1816 1226 1830 .
1237 1768 1378 1848 quatinus

164 1855 203 1914 ab
238 1854 352 1915 unitate
386 1854 533 1931 aecclesie
569 1855 739 1915 nullatenus
776 1854 899 1916 deuiare
934 1853 1110 1931 permittat.
1127 1853 1182 1914 sed
1217 1851 1378 1913 infractum

163 1934 366 2012 redintegret.
382 1946 555 2013 quassatum
583 1936 751 1997 consolidet
767 1980 775 1995 .
790 1953 882 2014 seque
910 1955 972 1995 una
999 1954 1068 1995 cum
1096 1953 1186 2013 grege
1214 1952 1271 1994 suo
1298 1932 1376 1992 inte·

164 2035 248 2093 grum
270 2017 325 2077 tibi
346 2027 437 2093 atque
458 2017 683 2077 immaculatum
704 2028 886 2079 conseruet.
904 2035 967 2094 per.

634 2253 808 2325 [Benedicttb
829 2258 920 2315 anuli.
1231 2253 1295 2333 [fol.
1313 2274 1379 2331 190.

171 2382 356 2508 DEus
328 2385 420 2445 totius
452 2396 584 2461 creature
622 2384 801 2461 principium
834 2395 866 2444 et
897 2381 989 2442 finis.
1004 2383 1036 2442 in
1070 2401 1132 2459 quo
1168 2383 1273 2442 clausa
1307 2391 1378 2442 sunt

275 2466 396 2526 omnia.
408 2468 490 2526 hunc
510 2468 633 2525 anulum
652 2466 832 2526 benedicere
854 2474 884 2525 et
901 2464 1088 2524 sanctificare
1110 2464 1261 2541 digneris.
1273 2473 1305 2523 ut
1325 2462 1377 2556 qui

164 2564 218 2622 per
240 2565 309 2606 eum
337 2549 449 2608 famulo
477 2559 530 2608 tuo
556 2547 710 2608 honoris
703 2547 832 2626 msignia
859 2545 1004 2605 concedis
1033 2544 1175 2606 uirtutem
1204 2555 1235 2605 et
1262 2544 1378 2621 premia

163 2628 318 2706 largiaris.
333 2649 395 2706 quo
419 2641 449 2691 et
473 2629 662 2690 discretionis
684 2629 821 2690 habitum
843 2646 962 2705 semper
994 2624 1143 2688 retineat
1158 2636 1190 2688 et
1212 2647 1282 2704 uere
1306 2626 1377 2686 fidei

165 2710 280 2786 fulgore
294 2711 476 2804 prefulgeat
490 2721 612 2772 sanctae
634 2708 772 2771 trinitatis
795 2727 917 2787 quoque
940 2719 1071 2768 armatus
1093 2709 1278 2769 munimine
1291 2708 1377 2767 miles

164 2790 406 2868 inexpugnabilis
427 2793 507 2853 acies
529 2790 643 2852 diaboli
663 2800 836 2852 constanter
857 2789 977 2851 euincat
991 2831 999 2848 .
1013 2809 1075 2866 per.

571 3145 741 3230 [Benedictio
766 3145 970 3229 Cathedrae.]¹

161 3297 469 3433 J[O]Mnipotens
490 3297 671 3374 sempiterne
692 3298 768 3358 deus
788 3295 840 3374 qui
866 3294 1017 3357 distinctis
1033 3295 1189 3355 ordinibus
1211 3292 1274 3376 [sol.
1290 3315 1375 3374 rprv.

331 3397 452 3438 omnem
473 3377 611 3439 militiam
632 3380 793 3439 caelestem
819 3376 961 3455 dignatus
981 3396 1014 3438 es
1034 3377 1066 3435 in
1087 3376 1224 3453 supernis
1252 3377 1374 3438 sedibus

164 3457 324 3521 ordinare.
340 3459 452 3536 quique
482 3459 604 3520 beatum
636 3471 755 3538 petrum
784 3460 955 3536 apostolum
989 3457 1021 3517 in
1049 3457 1223 3518 cathedram
1251 3458 1374 3520 honoris

163 3536 254 3598 totius
279 3541 424 3616 ecclesiae
443 3540 631 3601 sublimasti.
647 3551 677 3601 et
697 3539 842 3600 mathiam
861 3539 998 3601 eiusdem
1018 3550 1190 3600 consortem
1213 3540 1245 3598 in
1265 3541 1374 3602 throno

164 3622 331 3694 apostolico
344 3619 474 3682 residere
492 3621 639 3683 uoluisti.
654 3641 815 3700 quesumus
838 3640 893 3698 pro
913 3633 964 3681 tua
982 3621 1131 3680 immensa
1149 3620 1374 3684 misericordia.

163 3701 284 3761 effunde
305 3703 428 3780 gratiam
449 3713 532 3763 tuam
550 3704 582 3763 in
604 3706 674 3764 loco
693 3702 751 3763 isto
767 3745 774 3761 .
788 3715 821 3763 ut
839 3705 878 3763 sit
894 3703 951 3780 hec
971 3701 1057 3762 sedes
1078 3701 1223 3762 cathedra
1249 3703 1373 3763 honoris

164 3791 193 3840 et
224 3781 376 3859 dignitatis
392 3829 399 3843 .
415 3783 447 3843 in
474 3795 639 3862 conspectu
672 3784 838 3844 maiestatis
873 3794 923 3862 tue
942 3829 950 3844 .
968 3784 1008 3843 ad
1036 3782 1157 3843 laudem
1191 3793 1222 3843 et
1249 3783 1374 3861 gloriam

163 3863 295 3925 nominis
327 3864 390 3925 tui.
410 3865 450 3925 ad
485 3867 632 3927 honorem
667 3865 813 3943 aecclesie
847 3875 897 3942 tue
913 3909 921 3924 .
935 3876 969 3924 ut
997 3865 1180 3941 quicumque
1213 3863 1245 3923 in
1279 3884 1315 3925 ea
1344 3876 1374 3926 te

163 3943 293 4020 eligente
325 3945 488 4006 resederit.
506 3948 673 4024 requiescat
705 3966 794 4024 super
826 3966 897 4006 eum
926 3945 1021 4023 gratia
1048 3945 1228 4022 septiformis
1256 3946 1375 4023 spiritus

163 4025 207 4084 tui
222 4068 230 4083 .
244 4045 298 4103 per
316 4027 538 4104 redemptorem
556 4029 714 4091 dominum
732 4039 868 4088 nostrum
887 4029 1005 4087 ihesum
1024 4027 1189 4086 christum.
1205 4026 1256 4103 qui
1274 4037 1375 4088 tecum

163 4105 239 4166 uiuit
259 4118 290 4167 et
309 4118 435 4185 regnat
451 4107 482 4168 in
502 4107 617 4170 unitate
639 4110 775 4170 eiusdem
794 4107 916 4186 spiritus
937 4109 1036 4168 sancti
1057 4109 1155 4169 deus.
1170 4127 1232 4185 per.

197 4275 455 4338 ¹Foll.19ouand
478 4289 543 4338 1911.
558 4292 600 4325 are
619 4277 716 4338 blank,
738 4277 788 4326 and
807 4276 851 4326 the
868 4292 958 4352 prayer
975 4275 1059 4325 which
1075 4275 1175 4326 follows
1192 4277 1310 4338 (without
1327 4293 1378 4340 any

164 4339 240 4391 title'
233 4356 260 4389 111
276 4341 318 4390 the
334 4341 428 4400 MS.)
421 4357 442 4391 rs
460 4342 517 4392 thas
533 4343 665 4406 separated
680 4314 745 4392 irdm
761 4341 833 4392 those
848 4341 1007 4407 preceding
1000 4349 1029 4391 11.
1065 4342 1116 4391 But
1132 4342 1152 4390 it
1169 4357 1250 4392 seems
1267 4351 1295 4392 to
1311 4342 1377 4392 have

163 4406 228 4455 been
244 4407 345 4456 written
361 4407 439 4456 about
455 4407 498 4457 the
515 4423 583 4457 same
601 4407 661 4458 time
678 4408 741 4459 with
757 4408 835 4458 these
