3375 5250
538 366 795 416 CONSECRATIO
817 368 1038 421 ECCLESIAE.

713 542 874 625 Presatio.

191 658 280 788 (D
312 664 478 743 eternae†
512 668 696 749 deus.per
729 666 890 731 christum
928 668 1103 733 dominum
1143 673 1399 735 nostrum.Per

326 773 427 835 quem
439 763 473 817 te
485 753 653 837 supplices
664 754 900 835 deprecamur.
912 765 948 819 ut
961 756 1066 820 altare
1076 757 1139 822 hoc
1150 760 1274 823 sanctis
1285 758 1401 823 usibus

187 850 402 918 preparatum
433 841 568 904 caelesti
593 841 806 905 dedicatione
831 841 1087 909 sanctifices.et
1111 845 1199 909 sicut
1227 845 1401 910 melchise-

190 923 275 987 dech
305 928 488 991 sacerdotis
519 928 666 1010 precipui
696 928 904 992 oblationem
936 929 1132 1011 dignatione
1157 932 1301 996 mirabili
1328 954 1399 996 sus·

190 1011 386 1091 cepisti.ita
406 1014 553 1097 inposita
572 1036 662 1078 nouo
685 1014 762 1077 huic
782 1014 880 1078 altari
904 1036 1045 1081 munera
1066 1039 1200 1102 semper
1224 1030 1401 1101 acceptare

191 1098 356 1179 digneris.
374 1100 425 1166 Ut
454 1103 599 1184 populus
630 1102 688 1183 qui
719 1101 752 1164 in
784 1104 883 1165 huius
914 1103 1034 1168 eclesie
1069 1106 1209 1170 domum
1244 1115 1398 1171 sanctam

191 1187 371 1252 conuenit.
389 1209 449 1270 per
477 1190 560 1253 haec
591 1188 753 1252 libamina
782 1190 898 1267 celesti
932 1190 1198 1256 sanctificatione
1228 1193 1396 1257 saluatus.

192 1273 379 1338 animarum
396 1296 530 1359 quoque
552 1295 688 1339 suarum
712 1276 855 1340 salutem
880 1288 1077 1360 perpetuam
1094 1291 1337 1362 consequatur.
1353 1280 1399 1344 Et

192 1358 269 1422 ideo
288 1382 365 1425 cum
389 1364 529 1446 angelis.

694 1536 883 1601 Benedictio.

200 1663 419 1787 BEnedicat
449 1676 484 1730 et
513 1664 683 1730 custodiat
720 1685 780 1728 uos
818 1666 1034 1747 omnipotens
1070 1668 1176 1731 deus.
1195 1668 1401 1750 domumque

296 1754 383 1817 hanc
402 1753 454 1817 sui
475 1754 622 1817 muneris
646 1753 813 1835 presentia
828 1752 1005 1816 inlustrare
1018 1803 1025 1818 .
1038 1764 1142 1836 atque
1161 1774 1242 1818 suae
1265 1756 1401 1837 pietatis

192 1841 306 1907 oculos
329 1861 430 1923 super
453 1860 526 1904 eam
551 1840 607 1904 die
628 1860 667 1902 ac
691 1849 790 1903 nocte
812 1840 970 1921 dignetur
992 1842 1129 1921 aperire.
1175 1841 1291 1907 Amen.

237 1929 477 2010 Concedatque
515 1926 678 2009 propitius
702 1972 710 1987 .
732 1936 770 1990 ut
807 1947 926 1990 omnes
964 1928 1021 2008 qui
1065 1929 1109 1991 ad
1151 1929 1400 1994 dedicationem

193 2018 291 2082 huius
328 2016 465 2079 basilice
503 2015 626 2078 deuote
662 2013 869 2077 conuenistis
885 2063 892 2078 .
909 2014 1138 2079 intercedente
1168 2015 1270 2079 beato
1298 2016 1402 2082 ill.et

195 2103 313 2167 ceteris
331 2102 456 2165 sanctis
478 2102 546 2165 suis
569 2120 712 2183 quorum
732 2100 871 2182 reliquie
894 2100 948 2164 hic
966 2102 1024 2184 pio
1043 2122 1158 2165 amore
1179 2114 1401 2179 uenerantur.

197 2191 370 2254 uobiscum
418 2188 495 2252 hinc
543 2188 676 2252 ueniam
726 2198 942 2269 peccatorum
996 2199 1184 2252 uestrorum
1231 2201 1402 2273 reportare

195 2277 341 2342 ualeatis.
386 2276 503 2340 Amen.
992 2314 996 2319 -

236 2363 420 2449 lQuatinus
451 2382 566 2427 eorum
594 2361 783 2426 interuentu
809 2362 873 2443 ipsi
900 2362 1066 2441 templum
1095 2362 1202 2426 sancti
1235 2363 1304 2446 [iol.
1335 2368 1403 2430 118.

193 2453 327 2534 spiritus
355 2449 388 2513 in
414 2470 482 2532 quo
508 2458 625 2513 sancta
652 2451 736 2512 deus
760 2450 893 2513 trinitas
919 2449 1040 2532 iugiter
1064 2449 1218 2513 habitare
1243 2452 1403 2533 dignetur

195 2538 449 2602 efficiamini.et
479 2546 555 2619 post
585 2536 680 2600 istius
706 2537 796 2599 uitae
824 2535 968 2600 labentis
995 2537 1253 2601 excursum.ad
1278 2540 1403 2621 gaudia

194 2638 309 2692 eterna
332 2623 471 2694 feliciter
493 2623 667 2707 peruenire
691 2623 895 2688 mereamini.
941 2623 1059 2688 Amen.

238 2712 339 2796 Quod
363 2713 434 2794 ipse
457 2721 605 2795 prestare
628 2711 794 2793 dignetur.

717 2894 800 2959 Item
823 2894 901 2957 alia.

201 3025 358 3152 INclina
388 3023 524 3089 domine
554 3042 669 3087 aurem
700 3031 793 3086 tuam
819 3021 864 3084 ad
890 3040 944 3085 rne
969 3030 1004 3085 et
1029 3021 1154 3085 exaudi
1180 3040 1257 3086 me.
1275 3022 1402 3103 respice

282 3113 324 3177 de
361 3111 456 3176 caelo
493 3110 616 3174 christe
654 3130 755 3191 super
791 3128 928 3192 gregem
967 3119 1002 3172 et
1032 3128 1133 3191 super
1170 3129 1276 3192 agnos
1313 3119 1400 3173 tuos

193 3201 313 3264 Amen.

239 3286 374 3369 Porrige
404 3305 542 3349 manum
572 3293 665 3349 tuam
696 3303 795 3366 super
825 3285 938 3367 ipsos.
956 3291 991 3345 et
1023 3282 1165 3345 benedic
1195 3303 1336 3365 corpora
1366 3292 1400 3347 et

195 3375 324 3437 animas
361 3393 496 3437 eorum.
511 3381 548 3435 ut
585 3373 619 3435 in
656 3371 827 3435 consortio
864 3380 1056 3434 sanctorum
1094 3369 1261 3451 accipiant
1298 3370 1398 3433 bene·

196 3461 376 3526 dictionem
426 3458 758 3524 caelestem.lumen
809 3457 999 3540 angelicum
1016 3504 1023 3521 .
1040 3457 1194 3538 spiritum
1242 3467 1397 3523 sanctum

196 3547 415 3630 paraclytum.
459 3547 576 3611 Amen.

240 3635 285 3699 Et
315 3636 373 3716 qui
404 3655 449 3696 ex
480 3654 567 3715 aqua
597 3644 631 3696 et
655 3632 772 3715 spiritu
800 3643 917 3696 sancto
950 3639 1029 3695 sunt
1055 3631 1299 3712 renati.etqui
1324 3651 1397 3713 pre-

195 3722 283 3786 tioso
310 3721 472 3802 sanguine
504 3732 562 3783 tuo
592 3721 626 3783 in
659 3730 745 3784 terra
773 3728 852 3783 sunt
882 3719 1090 3800 comparati.
1107 3718 1232 3801 quique
1262 3719 1395 3800 signum

196 3819 292 3873 tuum
322 3808 444 3871 christe
474 3808 508 3870 in
540 3805 704 3871 frontibus
735 3826 851 3871 eorum
882 3815 1188 3888 acceperunt.tuos
1218 3825 1291 3868 esse
1315 3823 1394 3868 con-

195 3896 295 3959 cedas
320 3896 354 3959 in
384 3896 439 3958 die
469 3894 606 3958 iudicii.
623 3903 657 3959 et
681 3914 765 3975 quos
794 3894 942 3976 pretioso
971 3893 1135 3975 sanguine
1159 3891 1395 3957 redemisti.in

195 3994 255 4046 tuo
278 4002 381 4064 regno
404 3981 519 4045 iubeas
542 3981 689 4045 adunari.
734 3981 854 4046 Amen.

241 4070 286 4134 Et
323 4069 409 4132 sicut
445 4069 649 4133 benedixisti
679 4067 885 4152 patriarchas
915 4075 950 4130 et
980 4066 1184 4151 prophetas.
1201 4065 1394 4148 apostolos.

197 4168 378 4239 martyres.
395 4164 429 4219 et
458 4155 665 4219 consessores
682 4205 688 4220 .
706 4156 850 4238 uirgines
881 4163 915 4218 et
945 4155 1158 4218 sacerdotes,
1175 4153 1222 4215 sic
1256 4153 1396 4217 benedic

195 4244 331 4309 domine
357 4263 494 4325 gregem
518 4242 719 4327 listum.qui
750 4244 783 4305 in
815 4254 874 4305 tuo
900 4250 1017 4304 sancto
1041 4241 1177 4304 nomine
1203 4237 1275 4322 [sol.
1306 4241 1388 4302 118v

195 4331 228 4393 in
252 4331 316 4395 ista
342 4327 442 4394 sunt1
464 4331 565 4393 hodie
588 4329 708 4393 eclesia
730 4325 948 4413 congregati.2
991 4327 1107 4390 Amen.

323 4449 331 4479 ¹
348 4450 486 4500 Conected
498 4457 524 4499 to
536 4455 577 4500 est.
887 4447 898 4476 ²
915 4447 1051 4499 corrected
1064 4454 1090 4496 to
1101 4452 1267 4510 congregatus.

1198 4527 1226 4575 H
1250 4528 1268 4573 2
