3375 5250
274 357 306 405 82
630 354 890 405 CONSECRATIO
910 353 1130 403 ECCLESIAE.

318 563 432 627 Finita
461 564 606 627 oratione
635 562 844 644 ingrediatur
869 562 1026 644 pontifex
1052 561 1088 623 in
1120 560 1265 623 eclesiam
1296 579 1368 622 cnm
1400 557 1493 620 omni

274 653 361 715 scola
383 660 414 715 ot
436 651 592 733 incipiat.
609 650 831 732 antiphonam.

321 816 488 880 *Benedic
511 814 646 879 domine
670 815 810 879 domum
835 814 935 880 istam
960 835 1064 897 quam
1090 813 1248 877 edificaui
1273 810 1403 876 nomini
1428 819 1488 875 tuo

277 913 315 967 ut
338 903 405 967 sint
426 902 513 967 oculi
533 903 582 966 tui
604 902 711 983 aperti
734 923 835 984 super
858 922 933 965 eam
957 902 1012 965 die
1035 922 1075 965 ac
1098 898 1228 964 nocte*
1265 899 1323 962 Ps.
1341 899 1490 979 Magnus

279 992 435 1055 dominus
459 1003 493 1053 et
515 986 738 1076 l[audabilis].

305 1298 374 1393 ⁸Et
402 1298 506 1362 nodat
539 1299 579 1361 do
616 1300 683 1380 ipso
712 1297 818 1360 altori
852 1296 1032 1381 spargendo
1058 1308 1122 1379 por
1151 1296 1292 1360 medinm
1322 1294 1429 1381 oclarig
1457 1294 1492 1356 in

277 1389 408 1468 longam
428 1395 462 1450 ot
479 1387 515 1448 in
537 1386 642 1449 latam
656 1384 813 1467 sociando
833 1384 969 1466 crinjcom
988 1395 1085 1465 snper
1103 1404 1198 1447 omno
1208 1383 1306 1465 poni·
1330 1383 1396 1467 [fol
1422 1396 1492 1447 102.

280 1483 421 1537 notariam
444 1494 516 1537 cnm
539 1472 724 1555 antiphona.

325 1642 546 1706 *Benedictus
569 1663 606 1705 es
629 1642 662 1705 in
689 1638 819 1723 templo
839 1650 957 1703 sancto
979 1641 1085 1726 glorie
1104 1650 1161 1704 tue
1181 1641 1272 1722 quod
1298 1639 1491 1704 edificatum

281 1729 402 1881 {sipitzd
430 1729 565 1794 laudem
596 1740 631 1793 et
660 1728 803 1811 gloriam
834 1727 980 1790 nominis
1009 1727 1058 1791 tui
1089 1728 1258 1792 domine*
1302 1729 1360 1791 Ps.
1386 1730 1491 1792 Bene-

283 2107 332 2169 Et
361 2108 492 2170 nonians
529 2108 563 2170 in
595 2103 738 2167 rinadium
777 2104 884 2189 cclesiq
922 2103 1039 2166 dicat.
1063 2103 1232 2167 Oramus.
1255 2114 1285 2168 ot
1320 2104 1494 2168 diaconas.

414 2194 600 2257 Flectaonns
613 2213 722 2275 goncio
738 2239 745 2253 .
756 2199 871 2272 postea
894 2191 1003 2253 dicat.
1016 2191 1142 2254 Lanato
1156 2240 1163 2255 .
1179 2200 1211 2255 ot
1225 2193 1346 2272 presul.

354 2363 424 2426 Eus
451 2364 508 2445 qui
534 2363 608 2425 loca
633 2360 760 2424 nomini
787 2369 847 2423 tuo
873 2359 985 2423 dicata
1008 2360 1198 2425 sanctificas
1214 2412 1220 2424 .
1236 2361 1372 2427 effunde
1397 2384 1496 2446 super

397 2451 484 2513 hanc
514 2449 675 2513 orationis
706 2449 847 2512 domum
878 2448 1022 2530 gratiam
1057 2458 1176 2515 tuam.
1194 2460 1230 2514 ut
1261 2452 1305 2513 ab
1338 2453 1495 2514 omnibus

282 2538 337 2601 hic
359 2537 595 2601 inuocantibus
618 2554 741 2598 nomen
765 2544 862 2598 tuum
889 2535 1054 2597 auxilium
1081 2544 1139 2615 tue
1165 2537 1391 2617 misericordie
1420 2558 1495 2601 sen·

284 2627 480 2707 tiatur.per
503 2624 689 2688 dominum.

285 2951 307 3012 I
306 2959 411 3013 tentoni
436 2949 546 3012 dicat.
567 2947 706 3012 Oraonas
722 2994 729 3007 .
746 2957 778 3009 at
798 2945 952 3009 diaconus
967 2993 975 3009 .
990 2947 1175 3011 Flectaonns
1194 2969 1304 3030 genna
1325 2959 1363 3012 nt
1377 2962 1496 3034 sopra.

719 3032 869 3116 seqnitur
890 3035 1003 3097 oratio.

293 3200 428 3325 DEus
458 3197 758 3262 sanctificationum
789 3199 1003 3280 omnipotens
1033 3199 1246 3264 dominator.
1263 3203 1358 3266 cuius
1388 3205 1496 3286 pietas

402 3289 473 3350 sine
500 3285 565 3348 fine
591 3286 754 3349 sentitur.
771 3286 855 3348 deus
885 3287 942 3366 qui
973 3286 1110 3350 celestia
1140 3289 1239 3351 simul
1269 3298 1304 3354 et
1330 3291 1497 3355 terrestria

289 3374 471 3442 moderaris
489 3420 497 3436 .
512 3392 649 3435 seruans
674 3373 934 3436 misericordiam
959 3383 1051 3436 tuam
1080 3377 1207 3456 populo
1230 3385 1290 3439 tuo
1310 3376 1496 3441 ambulanti

288 3473 367 3527 ante
394 3469 611 3542 conspectum
631 3457 735 3540 glorie
763 3470 820 3537 tue
834 3508 842 3522 .
857 3460 983 3522 exaudi
1009 3481 1125 3543 preces
1149 3482 1321 3526 seruorum
1342 3473 1495 3529 tuorum.

291 3562 325 3614 et
351 3556 464 3632 presta
489 3556 526 3610 ut
551 3546 618 3608 sint
642 3546 729 3608 oculi
754 3547 803 3608 tui
828 3547 935 3628 aperti
961 3567 1061 3630 super
1085 3549 1223 3611 domum
1250 3550 1351 3614 istam
1375 3553 1430 3615 die
1457 3573 1496 3615 ac

292 3634 574 3714 nocte.hancque
595 3632 767 3696 basilicam
788 3635 820 3696 in
848 3636 974 3697 honore
998 3635 1104 3698 sancti
1117 3683 1125 3698 .
1138 3634 1304 3700 ill.sacris
1332 3640 1498 3721 mysteriis

291 3724 480 3786 institutam
505 3720 785 3783 clementissimus
809 3722 949 3787 dedica.
962 3722 1137 3786 miseratus
1161 3723 1319 3789 inlustra.
1331 3736 1497 3807 perpetuo

291 3810 470 3892 splendore
494 3804 638 3870 clarifica
663 3817 697 3870 et
721 3806 1145 3891 benedicito.0mnemque
1165 3809 1336 3875 hominem
1360 3815 1497 3876 uenien-

290 3911 360 3959 tem
376 3897 515 3958 adorare
535 3904 570 3956 te
593 3895 626 3955 in
645 3893 720 3957 loco
740 3893 805 3957 hoc
825 3896 977 3977 placatus
1001 3897 1160 3961 admitte.
1174 3899 1338 3980 propitius
1358 3902 1498 3981 dignare

291 3983 471 4065 respicere.
486 3988 520 4044 et
536 3990 672 4062 propter
685 4001 809 4044 nomen
824 3992 920 4045 tuum
937 4003 1097 4064 magnum
1107 3995 1142 4048 et
1157 3982 1310 4068 smanum
1323 3986 1392 4068 [sol.
1408 4003 1498 4050 102v.

292 4074 410 4134 lortem
430 4077 464 4131 et
488 4067 661 4131 brachium
683 4067 856 4131 excelsum
872 4118 879 4131 .
894 4071 927 4130 in
955 4070 1147 4135 habitaculo
1177 4071 1242 4134 hoc
1269 4074 1499 4155 supplicantes

291 4159 397 4221 libens
428 4164 588 4238 protege.
605 4155 785 4236 dignanter
813 4157 961 4220 exaudi.
980 4167 1014 4220 et
1039 4166 1154 4220 eterna
1184 4163 1392 4239 protectione
1418 4181 1497 4225 con·

292 4252 454 4308 seruant
481 4262 614 4324 semper
641 4242 754 4305 felices
782 4262 981 4325 semperque
1008 4245 1041 4307 in
1067 4256 1126 4307 tua
1152 4247 1502 4327 religioneletantes.

289 4341 481 4395 constanter
506 4329 540 4392 in
568 4338 683 4406 sancte
709 4330 869 4392 trinitatis
899 4328 965 4392 fide
995 4331 1160 4395 catholica
1186 4345 1421 4414 perseuerent.
1440 4356 1501 4419 per

288 4419 464 4482 dominum
488 4426 639 4479 nostrum
663 4416 792 4481 ihesum
816 4417 984 4481 christum.
