3375 5250
291 471 322 511 12
599 463 918 514 BENEDICTIONES
937 463 1196 515 EPISCOPALES.

342 628 398 693 Sic
424 629 454 692 ei
479 631 704 712 parsimoniae
730 632 886 696 uictimas
912 630 1061 697 offeratis
1077 680 1086 696 .
1104 641 1141 696 ut
1165 631 1301 697 contriti
1330 631 1360 695 ei
1391 629 1501 694 cordis

291 726 326 777 et
349 714 515 781 humiliati
538 717 702 782 sacrificio
724 719 899 802 placeatis.
947 718 1051 803 Ame[
1075 718 1098 802 .]

336 799 505 884 Quatinus
529 806 637 869 oratio
668 818 781 869 uestra
805 807 919 870 ieiunii
950 820 984 871 et
1008 806 1192 884 elemosine
1219 805 1280 869 alis
1307 807 1497 870 subuecta.

292 888 339 950 ita
369 892 412 954 ad
443 910 540 954 aures
571 893 673 956 uestri
707 895 910 978 conditolris
948 895 1186 957 ascendat.ut
1220 914 1282 957 uos
1342 889 1414 980 [fol.
1450 892 1498 957 16.

292 985 427 1041 eternae
454 979 671 1043 beatitudinis
692 980 856 1045 heredes.
873 991 908 1045 et
930 1000 1152 1064 supernorum
1179 981 1303 1045 ciuium
1327 990 1500 1045 consortes

291 1063 425 1129 efficiat.
471 1065 592 1131 Amen.

337 1150 437 1234 Quod
461 1151 533 1235 ipse
556 1164 705 1236 prestare
728 1157 899 1237 dignetur.

528 1386 767 1452 Bnuunrcrro
791 1401 843 1450 no
868 1389 1003 1453 Rnrros
1028 1387 1258 1453 PALMARUM.

297 1518 560 1646 OMnipotens
581 1525 783 1607 sempiterne
803 1526 908 1591 deus.
923 1548 1009 1609 auge
1033 1526 1134 1590 fidem
1158 1526 1191 1588 in
1214 1536 1248 1589 te
1269 1524 1499 1607 sperantium.

407 1618 441 1671 et
464 1610 651 1692 supplicum
669 1633 784 1695 preces
806 1613 989 1678 clementer
1010 1614 1158 1678 exaudi.
1176 1613 1292 1677 ueniat
1313 1630 1499 1694 quesumus

294 1693 430 1757 domine
456 1715 556 1779 super
582 1717 643 1761 nos
675 1701 902 1765 misericordia
928 1711 986 1766 tua
1002 1750 1009 1765 .
1026 1711 1060 1764 et
1086 1700 1227 1765 benedic
1254 1700 1316 1762 hos
1342 1697 1500 1782 palmites

293 1776 456 1846 oliuarum
474 1832 483 1850 .
501 1794 535 1848 et
565 1786 651 1850 sicut
676 1788 710 1850 in
747 1786 853 1870 figura
882 1789 1041 1852 ecclesiae
1070 1798 1149 1851 tuae
1180 1786 1410 1869 multiplicasti
1436 1804 1501 1848 noe

293 1867 520 1946 egredientem
552 1873 595 1936 de
626 1893 702 1938 arca
718 1924 725 1939 .
743 1886 776 1938 et
807 1896 947 1958 moysen
980 1885 1160 1939 exeuntem
1184 1877 1227 1938 de
1252 1882 1400 1956 aegypto
1423 1890 1502 1934 cum

294 1949 370 2016 filiis
396 1957 541 2022 israhel.
560 1961 608 2023 ita
633 1981 693 2026 nos
717 1973 891 2044 portantes
915 1960 1068 2046 palmosl
1099 1971 1158 2027 aut
1180 1981 1293 2025 ramos
1316 1959 1496 2023 arborum.

294 2059 370 2103 curn
393 2042 491 2107 bonis
518 2047 647 2111 actibus
677 2069 891 2113 occurramus
916 2051 1052 2114 obuiam
1078 2050 1225 2115 christo.
1242 2060 1277 2113 et
1302 2068 1362 2130 per
1388 2048 1498 2130 ipsum

294 2125 499 2194 introeamus
522 2134 555 2196 in
579 2134 741 2216 gaudium
766 2147 964 2202 aeternum.
982 2158 1041 2220 per
1064 2138 1251 2201 dominum.

844 2369 953 2433 Arm.

300 2497 434 2623 DEus
459 2505 517 2585 qui
538 2505 690 2588 dispersa
715 2527 924 2591 congregas.
941 2516 975 2571 et
998 2514 1203 2589 congregata
1223 2523 1403 2568 conseruas
1418 2551 1426 2567 .
1444 2503 1501 2584 qui

407 2592 539 2674 populis
570 2594 706 2658 obuiam
743 2595 837 2659 ihesu
869 2614 980 2659 ramos
1017 2593 1231 2678 portantibus
1267 2589 1498 2655 benedixisti.

293 2677 434 2741 benedic
457 2680 559 2743 etiam
583 2683 645 2745 hos
667 2703 778 2746 ramos
796 2683 930 2765 palmae
950 2681 1004 2745 uel
1028 2679 1184 2744 arborum
1203 2700 1288 2763 quos
1310 2680 1360 2744 tui
1383 2675 1500 2741 famuli

295 2768 338 2829 ad
368 2765 510 2847 gloriam
545 2769 690 2832 nominis
720 2772 789 2855 stui
828 2770 971 2833 fideliter
1006 2769 1271 2851 suscipiunt.ut
1332 2762 1403 2852 [fol.
1431 2766 1502 2828 16v.

296 2853 329 2914 in
361 2872 573 2937 quocumque
598 2855 672 2920 loco
703 2856 826 2920 luerint
857 2857 1039 2920 introducti
1060 2904 1068 2920 .
1088 2865 1146 2919 tua
1170 2853 1362 2919 benedictio
1388 2852 1504 2915 subse-

295 2950 439 3021 quatur.
456 2943 547 3004 omni
571 2944 714 3007 aduersa
734 2945 920 3008 ualitudine
947 2943 1064 3027 fugata
1079 2991 1087 3006 .
1103 2943 1246 3005 dextera
1267 2951 1327 3006 tua
1347 2946 1502 3022 protegat

297 3045 381 3107 quos
398 3026 563 3093 redemit.
583 3051 643 3111 per
666 3033 850 3097 dominum.

777 3264 873 3326 lreu
897 3262 1007 3326 Auru.

303 3399 438 3525 DEus
460 3403 518 3483 qui
541 3422 601 3485 per
623 3403 732 3466 oliuae
763 3421 894 3465 ramum
919 3419 1037 3484 pacem
1067 3397 1163 3463 terris
1193 3395 1359 3459 redditam
1390 3391 1502 3456 nunti·

411 3507 468 3550 are
498 3489 649 3555 iussisti.
672 3499 784 3573 presta
815 3508 999 3571 quesumus
1024 3496 1062 3551 ut
1086 3486 1149 3549 hos
1178 3502 1290 3546 ramos
1315 3479 1503 3582 palmarum

296 3572 431 3638 caelesti
458 3575 691 3640 benedictione
720 3575 931 3640 sanctifices.
948 3584 986 3639 ut
1012 3573 1141 3637 cunctis
1167 3569 1301 3653 populis
1325 3567 1502 3651 proficiant

298 3662 340 3722 ad
365 3660 507 3725 salutem
525 3709 533 3726 .
550 3683 611 3746 per
632 3664 818 3728 dominum.

850 3895 959 3958 Aura

369 4033 439 4097 Eus
462 4033 555 4096 cuius
585 4032 673 4097 filius
703 4052 764 4116 pro
794 4034 903 4097 salute
933 4030 1065 4114 generis
1094 4025 1234 4091 humani
1257 4024 1300 4089 de
1322 4023 1416 4125 caelo
1446 4025 1503 4088 de-

411 4121 542 4185 scendit
561 4121 605 4184 ad
621 4131 726 4185 terras
742 4169 749 4185 .
767 4131 801 4185 et
820 4120 1115 4203 adpropinquante
1137 4115 1220 4178 hora
1239 4112 1405 4195 passionis
1425 4131 1507 4213 suae

297 4205 558 4289 hierosolymam
589 4208 621 4270 in
653 4209 749 4271 asino
779 4210 894 4272 uenire
923 4216 958 4270 et
988 4225 1009 4268 a
1040 4202 1146 4269 turbis
1178 4221 1240 4264 rex
1274 4197 1434 4281 appellari
1468 4218 1508 4261 ac

299 4293 427 4356 laudari
458 4314 494 4357 se
524 4295 630 4359 uoluit
647 4343 656 4360 .
673 4295 872 4359 benedicere
902 4294 1042 4376 dignare
1071 4290 1133 4354 hos
1164 4288 1352 4386 palmarum
1383 4294 1508 4349 cetera·

298 4400 414 4443 rumue
433 4380 601 4445 frondium
621 4392 800 4446 ramos.ut
819 4401 937 4446 omnes
956 4380 1014 4463 qui
1034 4398 1091 4442 eos
1112 4376 1211 4441 laturi
1230 4381 1384 4438 sunt.1ta
1407 4372 1508 4436 bene-

792 4574 800 4603 ¹
818 4575 863 4638 leg.
877 4574 984 4638 palmas.
