3375 5250
550 426 805 477 CONSECRATIO
826 425 1045 476 ECCLESIAE.
1362 428 1393 478 9ι

184 583 430 665 inpulsionibus
465 607 524 651 seu
559 587 837 669 temptationibus
864 586 1087 667 malignorum
1117 583 1295 666 spirituum
1327 576 1392 642 tuti

185 690 259 734 esse
289 683 501 739 mereantur.
517 675 650 757 tuisque
687 674 855 756 mysteriis
885 683 965 755 apte
998 683 1033 737 et
1063 672 1231 753 condigne
1269 666 1392 731 seruire

183 754 232 838 let
248 758 419 826 inherere.
436 771 538 844 atque
554 761 587 823 in
603 763 654 824 his
670 762 800 843 placide
810 771 844 824 et
860 763 984 825 deuote
1000 778 1211 841 perseuerare
1229 752 1300 843 [iol.
1321 769 1390 817 110.

183 845 292 909 tribue
311 848 459 912 saluator
483 849 600 913 mundi
617 898 624 915 .
641 850 698 931 qui
725 870 802 914 cum
827 859 923 930 patre
947 856 982 912 et
1006 846 1124 930 spiritu
1155 856 1273 909 sancto
1303 840 1391 905 uiuis

184 942 219 995 et
234 953 354 1016 regnas
370 984 376 1000 .
393 956 454 1019 per
468 936 590 1000 omnia.

257 1084 380 1150 Omine
411 1087 494 1150 deus
532 1097 628 1171 pater
657 1089 872 1171 omnipotens
903 1108 965 1151 rex
996 1085 1193 1169 magnificus
1227 1079 1391 1162 triumph-

299 1183 394 1237 ator.
412 1175 468 1256 qui
503 1176 628 1240 sanctis
662 1176 814 1258 patribus
849 1176 971 1238 nostris
1001 1196 1040 1238 ac
1071 1171 1300 1237 sacerdotibus
1329 1167 1391 1232 tibi

185 1258 405 1323 seruientibus
429 1263 485 1343 qui
512 1262 573 1325 tibi
601 1264 634 1325 in
662 1262 861 1327 sacerdotali
888 1263 1006 1326 ordine
1032 1260 1229 1343 placuerunt
1245 1306 1252 1321 .
1268 1254 1392 1319 diuersi

185 1347 315 1423 generis
348 1358 545 1412 ornamenta
576 1358 610 1412 et
642 1351 844 1413 uestimenta
874 1348 1095 1413 sacerdotalia
1118 1346 1190 1410 fieri
1220 1355 1255 1408 et
1280 1341 1391 1406 ornari

185 1430 344 1498 uoluisti.
361 1435 485 1499 exaudi
512 1437 677 1519 propitius
703 1437 889 1501 orationem
914 1447 1062 1500 nostram
1078 1485 1086 1500 .
1103 1442 1137 1497 et
1163 1434 1250 1496 hanc
1277 1429 1391 1513 plane·

184 1527 255 1580 tam
279 1539 318 1584 ac
341 1522 489 1586 casulam
512 1532 614 1605 atque
635 1523 992 1606 superhumerale.seu
1019 1522 1200 1605 poderem.
1216 1518 1328 1582 albam
1351 1536 1391 1578 ac

184 1606 306 1669 stolam
323 1658 329 1672 .
347 1609 518 1691 cingulum
534 1612 768 1693 ‚orariumque
798 1619 831 1673 et
862 1621 973 1674 cetera
1003 1629 1134 1693 queque
1157 1610 1299 1671 dextera
1332 1611 1391 1667 tua

184 1702 301 1757 sancta
343 1696 562 1763 benedicere.
579 1698 810 1763 sanctificare.
828 1717 1090 1779 consecrareque
1135 1704 1170 1759 et
1214 1690 1389 1775 purificare

185 1779 355 1861 digneris.
372 1784 531 1865 quatinus
575 1785 639 1864 hec
681 1785 1084 1849 uestimenta.1ninistris
1100 1829 1108 1846 .
1125 1793 1160 1845 et
1202 1780 1313 1843 lenitis
1352 1797 1389 1839 ac

184 1868 414 1933 sacerdotibus
448 1872 514 1934 tuis
530 1922 536 1934 .
553 1874 596 1935 ad
632 1874 784 1936 diuinum
811 1873 939 1935 cultum
968 1871 1157 1935 ornandum
1174 1917 1181 1933 .
1197 1877 1300 1949 atque
1331 1884 1391 1926 ex-

186 1952 346 2034 plendum
369 1957 568 2040 proficiant.
586 1960 776 2041 sanctisque
799 1959 960 2023 altaribus
983 1959 1049 2023 tuis
1077 1957 1194 2020 mundi
1221 1965 1255 2017 et
1281 1951 1390 2014 ornati

184 2040 236 2102 his
264 2043 365 2107 sacris
393 2047 543 2109 uestibus
578 2048 720 2110 ministri
752 2048 801 2110 tui
832 2044 1143 2128 inreprehensibiles
1174 2044 1207 2105 in
1239 2048 1316 2103 actu
1332 2088 1340 2102 .
1356 2048 1392 2101 et

184 2128 276 2191 dictu
291 2177 298 2193 .
313 2131 450 2195 interius
466 2134 681 2216 exteriusque
697 2143 882 2217 appareant
898 2184 905 2198 .
922 2133 983 2198 tibi
1006 2132 1068 2195 soli
1085 2133 1149 2195 deo
1165 2148 1249 2212 puro
1265 2127 1366 2190 corde
1382 2173 1389 2187 .

184 2223 218 2278 et
246 2217 373 2281 mundo
404 2240 543 2301 corpore
569 2222 725 2284 omnibus
755 2223 874 2284 diebus
905 2221 974 2300 uite
1004 2240 1118 2283 eorum
1150 2212 1391 2297 inreprehensi-

183 2299 293 2366 biliter
315 2315 506 2369 sanctorum
530 2320 664 2389 patrum
687 2307 847 2391 exempla
867 2317 1045 2390 sequentes
1062 2304 1209 2371 ,seruire
1230 2301 1389 2364 ualeant.

183 2387 301 2471 hisque
359 2394 461 2456 sacris
521 2396 712 2459 ministeriis
771 2396 956 2458 secundum
1017 2404 1110 2457 tuam
1178 2388 1388 2453 uoluntatem

182 2473 332 2559 lquando
376 2480 437 2543 tibi
483 2482 645 2563 placuerit
690 2483 835 2565 expletis
851 2530 858 2546 .
874 2482 1006 2546 celestis
1051 2480 1145 2563 regni
1192 2473 1263 2563 [sol.
1298 2489 1389 2538 110v.

183 2564 323 2644 gloriam
355 2586 432 2631 cum
471 2570 626 2634 omnibus
665 2570 789 2633 sanctis
828 2570 958 2652 sibique
996 2566 1184 2632 commissis
1221 2562 1390 2647 percipere

186 2662 376 2719 mereantur
393 2704 402 2719 .
419 2677 480 2740 per
503 2658 689 2722 dominum.

738 2815 830 2878 Alia.

189 2947 323 3075 DEus
361 2951 575 3032 omnipotens
617 2952 781 3016 bonarum
825 2953 986 3015 uirtutum
1030 2952 1200 3014 dator.et
1238 2946 1388 3010 omnium

296 3035 566 3102 benedictionum
597 3038 709 3122 largus
736 3039 865 3102 inlusor
883 3088 890 3102 .
906 3038 1073 3120 supplices
1103 3045 1137 3100 te
1167 3055 1325 3116 rogamus
1352 3041 1390 3094 ut

182 3122 337 3186 manibus
371 3126 492 3189 nostris
526 3146 625 3208 opem
664 3140 722 3206 tue
757 3127 999 3190 benedictionis
1039 3124 1217 3187 infundas.
1234 3132 1268 3187 et
1304 3120 1387 3182 haec

182 3210 384 3274 uestimenta
406 3213 627 3276 sacerdotalia
648 3234 707 3278 seu
734 3213 869 3276 leuitica
902 3213 1024 3276 diuinis
1054 3211 1199 3275 cultibus
1230 3206 1388 3271 ministris

179 3297 245 3358 tuis
266 3308 463 3381 preparata.
477 3300 600 3363 uirtute
615 3301 722 3365 sancti
741 3301 878 3383 spiritus
890 3348 897 3365 .
909 3299 1105 3363 benedicere
1126 3310 1160 3361 et
1181 3295 1388 3360 sanctificare

181 3380 399 3465 digneris.et
436 3388 592 3450 omnibus
629 3388 677 3450 eis
715 3388 887 3452 utentibus
931 3389 1075 3468 gratiam
1115 3382 1388 3448 sanctificationis

180 3472 263 3533 sacri
302 3473 452 3555 mysterii
485 3475 535 3537 tui
573 3476 736 3556 benignus
775 3476 944 3539 concede.
962 3485 999 3537 ut
1036 3473 1070 3535 in
1108 3481 1289 3554 conspectu
1327 3476 1387 3532 tuo

179 3559 286 3622 sancti
324 3570 359 3623 et
395 3561 589 3626 inmaculati
634 3575 737 3645 atque
778 3560 1089 3644 inreprehensibiles
1127 3566 1336 3641 appareant.
1353 3565 1388 3618 et

179 3652 237 3724 tue
281 3646 445 3712 auxilium
491 3651 716 3729 misericordie
761 3651 974 3732 adquirant.
998 3649 1056 3711 sed
1099 3657 1133 3711 et
1179 3645 1253 3708 aliis
1298 3643 1386 3706 bene

180 3733 390 3798 ministrandi
428 3743 462 3799 et
502 3736 637 3801 uiuendi
680 3741 875 3819 exemplum
925 3736 1087 3818 prebeant
1103 3785 1110 3799 .
1126 3743 1228 3816 atque
1272 3741 1387 3808 eterne

178 3817 395 3884 beatitudinis
429 3825 557 3904 premia
591 3827 749 3908 consequi
782 3833 1071 3904 mereantur.per
1101 3822 1276 3885 dominnm
1308 3838 1383 3880 nos·

175 3914 275 3972 trum·

466 4079 581 4147 Oratio
602 4081 651 4145 ad
668 4084 828 4166 corporale
847 4081 1096 4146 benedicendum.

239 4216 496 4282 Lementissime
527 4220 686 4284 domine.
703 4221 797 4284 cuius
823 4219 1054 4283 inenarrabilis
1081 4218 1210 4284 uirtus,
1227 4218 1387 4302 cuiusque

281 4306 477 4386 mysterium
520 4307 702 4370 archanum
745 4307 941 4371 mirabiliter
977 4327 1037 4389 per
1074 4315 1183 4370 totum
1222 4307 1386 4369 mundum

176 4390 506 4456 celebratur.tribue
535 4414 717 4476 quesumus
749 4405 786 4458 ut
813 4395 876 4471 hec
911 4394 1096 4476 corporalia
1133 4407 1190 4470 tue
1227 4395 1386 4474 propitia-

175 4479 277 4542 tionis
301 4478 536 4544 benedictione
557 4481 808 4547 sanctificentur
825 4534 831 4548 .
846 4485 888 4546 ad
916 4483 1181 4545 consecrandum
1206 4501 1307 4564 super
1329 4481 1386 4543 illa
