3375 5250
299 438 332 491 50
607 430 925 480 BENEDICTIOAOES
943 432 1201 480 EPISCOPALES.

299 595 420 668 quarto
456 589 571 652 sanxit
608 589 663 652 die
700 589 861 653 ineffabili
896 589 1080 654 discurrere
1118 592 1243 655 uirtute
1280 612 1340 673 per
1379 589 1505 653 nubila.

300 672 418 736 Amen.

346 759 407 822 llle
429 762 553 844 quippe
580 772 753 845 pectorum
777 774 965 828 uestrorum
993 776 1120 827 secreta
1147 766 1353 845 sapientiae†
1376 764 1508 826 inflam-

302 856 392 910 met.
409 858 512 930 atque
542 851 717 931 prudentie
748 851 875 914 lumine
904 853 1069 915 inradiet.
1086 852 1296 935 Stellatisque
1327 851 1508 914 uirtutibus

300 933 481 997 clementer
526 937 777 1018 inlustret.qui
823 949 875 1001 est
920 940 1014 1019 origo
1060 938 1142 1001 lucis
1160 989 1167 1003 .
1185 950 1288 1021 atque
1333 941 1508 1002 beatorum

301 1021 451 1084 omnium
475 1023 635 1104 splendor
658 1024 846 1107 perhennis
893 1025 1010 1089 Amen.
1352 1087 1354 1089 ,

345 1107 552 1192 Tribuatque
586 1111 683 1174 uobis
714 1111 890 1192 deposit0†
920 1114 1030 1175 carnis
1064 1113 1359 1176 sarcina.ciuium
1393 1123 1511 1175 contu-

301 1192 425 1256 berniis
456 1196 517 1259 frui
553 1199 894 1280 caelestium.atque
924 1220 1000 1262 curn
1028 1201 1152 1262 sanctis
1184 1202 1340 1262 omnibus
1373 1199 1509 1261 caelesti

303 1281 411 1361 gloria
450 1285 591 1347 adscisci
616 1332 623 1346 .
648 1305 777 1348 necnon
813 1286 1005 1349 felicissima
1044 1287 1252 1367 perhennaet
1290 1285 1511 1350 beatitudinis

301 1370 410 1430 ornari
436 1391 568 1433 corona.
613 1373 730 1435 Amen.

345 1455 446 1538 Quod
470 1459 542 1540 ipse
565 1472 713 1541 prestare
736 1461 1020 1542 dignetur.cuius
1043 1481 1193 1542 regnum.

593 1744 830 1808 Bnuaorcrro
854 1757 897 1806 ut
922 1757 1035 1806 nunni
1059 1757 1214 1820 Qururn.

306 1894 440 2020 DEus
456 1902 611 1956 aeternae
631 1892 791 1955 bonitatis
813 1892 908 1974 origo
924 1942 931 1956 .
947 1893 1005 1974 qui
1026 1893 1145 1974 quinto
1168 1895 1223 1956 die
1239 1913 1343 1976 aquas
1359 1893 1509 1957 uolatilia

414 1989 515 2062 atque
538 1980 701 2060 aquatilia
724 1981 828 2042 seruis
853 1981 918 2042 tuis
944 1980 977 2040 in
1002 2000 1097 2041 usum
1123 1979 1321 2063 producefre
1367 1979 1436 2063 [fol.
1455 1980 1507 2044 68.

300 2069 500 2150 precepisti.
518 2068 680 2148 respicere
703 2067 842 2148 dignare
868 2066 1011 2128 famulos
1041 2077 1098 2143 tue
1126 2067 1294 2129 maiestati
1318 2069 1509 2130 subiectos.

302 2156 435 2217 ueniam
452 2155 650 2217 delictorum
667 2173 803 2215 suorum
820 2154 944 2215 deuote
960 2164 1144 2234 precantes.
1190 2154 1307 2217 Amen.

345 2241 453 2323 Aperi
478 2243 615 2304 domine
642 2241 816 2303 thesauros
847 2241 1044 2303 clementiae
1071 2251 1150 2302 tuae
1167 2289 1174 2303 .
1191 2252 1225 2303 et
1251 2242 1378 2324 produc
1406 2242 1439 2303 in
1466 2243 1513 2305 eis

301 2328 520 2391 saluberrima
558 2327 814 2410 conpunctionis
859 2326 1108 2390 fluenta.sicut
1150 2347 1256 2408 aquas
1296 2328 1514 2393 multiformia

300 2418 486 2498 producere
510 2415 619 2478 fecisti
643 2415 837 2477 animantia.
883 2413 1000 2476 Amen.

346 2503 401 2564 Da
429 2504 567 2565 domine
598 2521 657 2582 per
687 2512 823 2563 nostrae
854 2499 1053 2563 humilitatis
1078 2499 1348 2563 benedictionem
1380 2502 1514 2565 famulis

300 2589 367 2653 tuis
399 2591 492 2671 pium
523 2590 556 2651 in
589 2591 720 2651 cunctis
750 2587 1012 2651 aduersitatibus
1046 2585 1293 2650 solacium.da
1324 2588 1511 2651 misericors

302 2677 453 2740 omniurn
475 2676 609 2739 ueniam
629 2676 902 2738 delictorum.da
921 2695 1102 2755 quesumus
1123 2674 1156 2735 in
1181 2673 1383 2737 resolutione
1406 2678 1514 2737 carnis

304 2784 343 2826 ac
367 2764 526 2845 spiritus.
545 2762 701 2844 angelum
726 2772 880 2823 sanctum
904 2761 1123 2824 defensorem.
1168 2760 1284 2825 Amen.

288 2918 290 2923 ,
348 2848 449 2932 Quod
474 2850 545 2932 ipse
569 2859 717 2932 prestare
740 2848 887 2929 digneris
903 2897 910 2911 .
926 2850 982 2929 qui
1007 2848 1093 2910 uiuis
1116 2857 1150 2910 et
1173 2868 1293 2930 regnas
1318 2870 1382 2929 per.

554 3112 790 3175 Baunolcrro
814 3123 927 3173 unum
951 3123 1072 3173 sextu
1088 3162 1095 3175 .
1113 3124 1163 3173 on
1187 3124 1318 3174 cnucu.

368 3256 533 3319 Enedicat
559 3275 621 3318 uos
652 3252 707 3316 dei
738 3252 843 3334 patris
874 3252 1156 3332 clementia.qui
1187 3262 1288 3315 sexta
1317 3253 1372 3314 die
1403 3262 1515 3333 proto-

411 3343 557 3426 plastum
601 3340 757 3423 paradysi
794 3338 1016 3416 amoenitate†
1055 3340 1240 3421 prefecerat
1280 3338 1516 3416 dulcissima†.

308 3427 596 3518 pererditumque†
619 3427 745 3490 ruentis
773 3426 922 3489 inuidia.
940 3447 998 3507 per
1022 3426 1287 3489 incarnationem
1310 3427 1514 3506 passionem-

309 3540 374 3604 que
396 3516 490 3579 uerbi
506 3516 557 3578 sui
577 3515 735 3596 dignatus
751 3524 802 3576 est
825 3515 988 3576 redimere
1009 3534 1068 3595 per
1091 3515 1211 3576 beatae
1227 3516 1333 3576 crucis
1348 3514 1515 3577 dirissima

309 3606 480 3689 supplicia
524 3602 643 3665 Amen.

356 3691 533 3771 Respicere
556 3708 690 3770 quoque
713 3707 773 3751 uos
796 3687 952 3768 dignetur
975 3686 1217 3768 pretiosissimo
1243 3684 1326 3770 sfilii·
1349 3686 1417 3769 [fol.
1441 3690 1515 3750 68v.

311 3776 519 3843 tui1cruore
543 3777 757 3856 redemptos.
775 3794 936 3855 sacroque
962 3774 1176 3855 baptismatis
1200 3772 1293 3835 fonte
1316 3785 1512 3837 renouatos.

312 3878 413 3949 atque
434 3872 570 3926 sanctae
592 3864 697 3925 erucis
720 3861 928 3943 triumphum
945 3861 1075 3923 deuotis
1099 3860 1267 3924 mentibus
1290 3861 1515 3924 celebrantes.

312 3954 493 4017 clementer
516 3950 690 4032 peruenire
713 3951 876 4011 concedat
899 3950 943 4010 ad
967 3968 1112 4028 superos.
1158 3948 1275 4011 Amen.

357 4039 602 4117 Gestantesque
633 4037 666 4097 in
693 4035 858 4099 frontibus
885 4036 1004 4098 uestris
1033 4046 1169 4097 sanctae
1199 4033 1305 4097 crucis
1331 4029 1515 4098 inuictricia

312 4147 406 4189 arma
439 4134 578 4206 paterna
608 4124 734 4205 pietate
758 4124 916 4204 dignetur
940 4131 1112 4204 protegere
1139 4121 1182 4183 ab
1212 4121 1387 4185 hostibus.
1405 4122 1515 4184 deleat

312 4212 412 4277 etiarn
445 4231 511 4293 que
542 4210 662 4273 iniuste
688 4210 837 4292 gessistis
867 4209 990 4272 delicta
1015 4209 1222 4272 misericors,
1242 4207 1372 4290 sibique
1396 4207 1517 4271 efficiat

311 4302 431 4382 dignos
448 4348 454 4361 .
471 4319 556 4380 quos
578 4299 676 4380 eulpa
700 4298 796 4379 primi
821 4298 968 4380 parentis
991 4295 1115 4359 fecerat
1137 4315 1222 4360 reos.
1267 4295 1384 4359 Amen.
1466 4301 1471 4315 '

357 4386 457 4470 Quod
481 4388 552 4467 ipse
575 4395 731 4466 prestare.

466 4526 475 4555 ²
493 4524 554 4575 This
566 4540 634 4575 error
645 4525 666 4575 is
677 4524 719 4575 the
731 4524 807 4575 result
819 4526 849 4575 of
857 4542 872 4574 a
884 4525 1008 4575 mistaken
1020 4522 1159 4574 correction
1172 4524 1205 4587 by
1218 4522 1260 4573 the
1271 4521 1359 4572 scribe.
