<?xml version="1.0" encoding="UTF-8"?>
<!DOCTYPE html PUBLIC "-//W3C//DTD XHTML 1.0 Transitional//EN"
    "http://www.w3.org/TR/xhtml1/DTD/xhtml1-transitional.dtd">
<html xmlns="http://www.w3.org/1999/xhtml" xml:lang="en" lang="en">
 <head>
  <title>
</title>
<meta http-equiv="Content-Type" content="text/html;charset=utf-8" />
  <meta name='ocr-system' content='tesseract 3.04.00' />
  <meta name='ocr-capabilities' content='ocr_page ocr_carea ocr_par ocr_line ocrx_word'/>
</head>
<body>
  <div class='ocr_page' id='page_1' title='image "benedictionalar00munigoog_0153.png"; bbox 0 0 3375 5250; ppageno 0'>
   <div class='ocr_carea' id='block_1_1' title="bbox 498 405 1386 475">
    <p class='ocr_par' dir='ltr' id='par_1_1' title="bbox 498 405 1386 475">
     <span class='ocr_line' id='line_1_1' title="bbox 498 405 1386 475; baseline 0.007 -21"><span class='ocrx_word' id='word_1_1' title='bbox 498 405 793 457; x_wconf 85' lang='lat' dir='ltr'><em>RECONCILIATIO</em></span> <span class='ocrx_word' id='word_1_2' title='bbox 816 407 907 457; x_wconf 89' lang='lat' dir='ltr'><em>LOCI</em></span> <span class='ocrx_word' id='word_1_3' title='bbox 924 408 1042 461; x_wconf 82' lang='lat' dir='ltr'><em>SACRI.</em></span> <span class='ocrx_word' id='word_1_4' title='bbox 1339 421 1386 475; x_wconf 83' lang='lat'>113</span> 
     </span>
    </p>
   </div>
   <div class='ocr_carea' id='block_1_2' title="bbox 172 564 1381 799">
    <p class='ocr_par' dir='ltr' id='par_1_2' title="bbox 172 564 1381 799">
     <span class='ocr_line' id='line_1_2' title="bbox 708 564 846 631; baseline 0.007 -2"><span class='ocrx_word' id='word_1_5' title='bbox 708 564 846 631; x_wconf 83' lang='lat' dir='ltr'>Secreta.</span> 
     </span>
     <span class='ocr_line' id='line_1_3' title="bbox 172 673 1381 799; baseline 0.007 -63"><span class='ocrx_word' id='word_1_6' title='bbox 172 673 318 799; x_wconf 88' lang='lat' dir='ltr'>HAec</span> <span class='ocrx_word' id='word_1_7' title='bbox 333 676 442 740; x_wconf 89' lang='lat' dir='ltr'>hostia</span> <span class='ocrx_word' id='word_1_8' title='bbox 461 696 641 759; x_wconf 90' lang='lat' dir='ltr'>quesumus</span> <span class='ocrx_word' id='word_1_9' title='bbox 657 677 794 741; x_wconf 91' lang='lat' dir='ltr'>domine</span> <span class='ocrx_word' id='word_1_10' title='bbox 809 688 843 742; x_wconf 92' lang='lat' dir='ltr'>et</span> <span class='ocrx_word' id='word_1_11' title='bbox 862 677 973 742; x_wconf 92' lang='lat' dir='ltr'>locum</span> <span class='ocrx_word' id='word_1_12' title='bbox 990 679 1091 742; x_wconf 91' lang='lat' dir='ltr'>istum</span> <span class='ocrx_word' id='word_1_13' title='bbox 1109 679 1151 743; x_wconf 92' lang='lat' dir='ltr'>ab</span> <span class='ocrx_word' id='word_1_14' title='bbox 1167 679 1381 745; x_wconf 85' lang='lat' dir='ltr'>inmunditiis</span> 
     </span>
    </p>
   </div>
   <div class='ocr_carea' id='block_1_3' title="bbox 165 763 1379 935">
    <p class='ocr_par' dir='ltr' id='par_1_3' title="bbox 165 763 1379 935">
     <span class='ocr_line' id='line_1_4' title="bbox 290 763 1379 849; baseline 0.007 -25"><span class='ocrx_word' id='word_1_15' title='bbox 290 764 465 826; x_wconf 90' lang='lat' dir='ltr'>nationum</span> <span class='ocrx_word' id='word_1_16' title='bbox 488 763 542 827; x_wconf 93' lang='lat' dir='ltr'>uel</span> <span class='ocrx_word' id='word_1_17' title='bbox 566 764 754 846; x_wconf 91' lang='lat' dir='ltr'>iniquorum</span> <span class='ocrx_word' id='word_1_18' title='bbox 777 775 967 848; x_wconf 83' lang='lat' dir='ltr'>expurget.</span> <span class='ocrx_word' id='word_1_19' title='bbox 986 776 1020 829; x_wconf 91' lang='lat' dir='ltr'>et</span> <span class='ocrx_word' id='word_1_20' title='bbox 1036 765 1300 849; x_wconf 85' lang='lat' dir='ltr'>supplicationes</span> <span class='ocrx_word' id='word_1_21' title='bbox 1324 767 1379 833; x_wconf 94' lang='lat' dir='ltr'>hic</span> 
     </span>
     <span class='ocr_line' id='line_1_5' title="bbox 165 848 861 935; baseline 0.007 -24"><span class='ocrx_word' id='word_1_22' title='bbox 165 855 200 912; x_wconf 90' lang='lat' dir='ltr'>et</span> <span class='ocrx_word' id='word_1_23' title='bbox 219 848 343 932; x_wconf 92' lang='lat' dir='ltr'>ubique</span> <span class='ocrx_word' id='word_1_24' title='bbox 367 851 428 913; x_wconf 92' lang='lat' dir='ltr'>tibi</span> <span class='ocrx_word' id='word_1_25' title='bbox 452 851 573 915; x_wconf 92' lang='lat' dir='ltr'>reddat</span> <span class='ocrx_word' id='word_1_26' title='bbox 596 861 753 933; x_wconf 89' lang='lat' dir='ltr'>acceptas</span> <span class='ocrx_word' id='word_1_27' title='bbox 769 900 777 918; x_wconf 87' lang='lat'>.</span> <span class='ocrx_word' id='word_1_28' title='bbox 793 873 861 935; x_wconf 89' lang='lat' dir='ltr'>per.</span> 
     </span>
    </p>
   </div>
   <div class='ocr_carea' id='block_1_4' title="bbox 688 1006 849 1087">
    <p class='ocr_par' dir='ltr' id='par_1_4' title="bbox 688 1006 849 1087">
     <span class='ocr_line' id='line_1_6' title="bbox 688 1006 849 1087; baseline 0.006 -16"><span class='ocrx_word' id='word_1_29' title='bbox 688 1006 849 1087; x_wconf 77' lang='lat' dir='ltr'>Prefatio.</span> 
     </span>
    </p>
   </div>
   <div class='ocr_carea' id='block_1_5' title="bbox 161 1116 1376 1723">
    <p class='ocr_par' dir='ltr' id='par_1_5' title="bbox 161 1116 1376 1723">
     <span class='ocr_line' id='line_1_7' title="bbox 233 1116 1374 1201; baseline 0.004 -22"><span class='ocrx_word' id='word_1_30' title='bbox 233 1116 300 1180; x_wconf 89' lang='lat' dir='ltr'>Ere</span> <span class='ocrx_word' id='word_1_31' title='bbox 330 1118 469 1201; x_wconf 87' lang='lat' dir='ltr'>dignum</span> <span class='ocrx_word' id='word_1_32' title='bbox 501 1138 560 1201; x_wconf 91' lang='lat' dir='ltr'>per</span> <span class='ocrx_word' id='word_1_33' title='bbox 589 1117 751 1182; x_wconf 91' lang='lat' dir='ltr'>christum</span> <span class='ocrx_word' id='word_1_34' title='bbox 779 1118 955 1183; x_wconf 92' lang='lat' dir='ltr'>dominum</span> <span class='ocrx_word' id='word_1_35' title='bbox 983 1128 1164 1185; x_wconf 88' lang='lat' dir='ltr'>nostrum.</span> <span class='ocrx_word' id='word_1_36' title='bbox 1192 1118 1295 1184; x_wconf 88' lang='lat' dir='ltr'>Cuius</span> <span class='ocrx_word' id='word_1_37' title='bbox 1325 1120 1374 1183; x_wconf 93' lang='lat' dir='ltr'>in·</span> 
     </span>
     <span class='ocr_line' id='line_1_8' title="bbox 275 1206 1376 1289; baseline 0.004 -22"><span class='ocrx_word' id='word_1_38' title='bbox 275 1224 411 1268; x_wconf 87' lang='lat' dir='ltr'>mensae</span> <span class='ocrx_word' id='word_1_39' title='bbox 445 1206 667 1270; x_wconf 85' lang='lat' dir='ltr'>miserationis</span> <span class='ocrx_word' id='word_1_40' title='bbox 698 1215 750 1269; x_wconf 91' lang='lat' dir='ltr'>est</span> <span class='ocrx_word' id='word_1_41' title='bbox 783 1218 941 1289; x_wconf 91' lang='lat' dir='ltr'>corrupta</span> <span class='ocrx_word' id='word_1_42' title='bbox 969 1226 1135 1288; x_wconf 88' lang='lat' dir='ltr'>purgare.</span> <span class='ocrx_word' id='word_1_43' title='bbox 1152 1206 1247 1288; x_wconf 92' lang='lat' dir='ltr'>lapsa</span> <span class='ocrx_word' id='word_1_44' title='bbox 1280 1208 1376 1271; x_wconf 91' lang='lat' dir='ltr'>resti·</span> 
     </span>
     <span class='ocr_line' id='line_1_9' title="bbox 164 1292 1375 1376; baseline 0.003 -23"><span class='ocrx_word' id='word_1_45' title='bbox 164 1298 281 1356; x_wconf 90' lang='lat' dir='ltr'>tuere.</span> <span class='ocrx_word' id='word_1_46' title='bbox 297 1292 413 1355; x_wconf 91' lang='lat' dir='ltr'>sordes</span> <span class='ocrx_word' id='word_1_47' title='bbox 429 1292 619 1376; x_wconf 86' lang='lat' dir='ltr'>abstergere</span> <span class='ocrx_word' id='word_1_48' title='bbox 636 1343 642 1357; x_wconf 95' lang='lat'>.</span> <span class='ocrx_word' id='word_1_49' title='bbox 660 1292 789 1374; x_wconf 90' lang='lat' dir='ltr'>polluta</span> <span class='ocrx_word' id='word_1_50' title='bbox 805 1292 1053 1356; x_wconf 90' lang='lat' dir='ltr'>reconciliando</span> <span class='ocrx_word' id='word_1_51' title='bbox 1068 1292 1275 1357; x_wconf 87' lang='lat' dir='ltr'>sanctificare</span> <span class='ocrx_word' id='word_1_52' title='bbox 1290 1343 1297 1358; x_wconf 99' lang='lat'>.</span> <span class='ocrx_word' id='word_1_53' title='bbox 1311 1294 1375 1357; x_wconf 92' lang='lat' dir='ltr'>Per</span> 
     </span>
     <span class='ocr_line' id='line_1_10' title="bbox 164 1374 1372 1465; baseline 0.003 -24"><span class='ocrx_word' id='word_1_54' title='bbox 164 1374 278 1461; x_wconf 75' lang='lat' dir='ltr'>[quem</span> <span class='ocrx_word' id='word_1_55' title='bbox 303 1389 338 1442; x_wconf 87' lang='lat' dir='ltr'>te</span> <span class='ocrx_word' id='word_1_56' title='bbox 362 1380 508 1461; x_wconf 90' lang='lat' dir='ltr'>petimus</span> <span class='ocrx_word' id='word_1_57' title='bbox 535 1380 659 1444; x_wconf 90' lang='lat' dir='ltr'>summi</span> <span class='ocrx_word' id='word_1_58' title='bbox 686 1380 791 1461; x_wconf 91' lang='lat' dir='ltr'>patris</span> <span class='ocrx_word' id='word_1_59' title='bbox 815 1382 974 1444; x_wconf 90' lang='lat' dir='ltr'>unicum.</span> <span class='ocrx_word' id='word_1_60' title='bbox 995 1382 1027 1441; x_wconf 90' lang='lat' dir='ltr'>in</span> <span class='ocrx_word' id='word_1_61' title='bbox 1054 1380 1175 1444; x_wconf 88' lang='lat' dir='ltr'>throno</span> <span class='ocrx_word' id='word_1_62' title='bbox 1200 1376 1271 1465; x_wconf 85' lang='lat' dir='ltr'>[sol.</span> <span class='ocrx_word' id='word_1_63' title='bbox 1302 1397 1372 1461; x_wconf 83' lang='lat'>132.</span> 
     </span>
     <span class='ocr_line' id='line_1_11' title="bbox 162 1465 1372 1549; baseline 0.004 -23"><span class='ocrx_word' id='word_1_64' title='bbox 162 1465 378 1529; x_wconf 91' lang='lat' dir='ltr'>sublimatum</span> <span class='ocrx_word' id='word_1_65' title='bbox 394 1466 547 1532; x_wconf 90' lang='lat' dir='ltr'>caelesti.</span> <span class='ocrx_word' id='word_1_66' title='bbox 561 1476 598 1530; x_wconf 92' lang='lat' dir='ltr'>ut</span> <span class='ocrx_word' id='word_1_67' title='bbox 614 1487 654 1530; x_wconf 91' lang='lat' dir='ltr'>ea</span> <span class='ocrx_word' id='word_1_68' title='bbox 669 1487 734 1549; x_wconf 73' lang='lat' dir='ltr'>que</span> <span class='ocrx_word' id='word_1_69' title='bbox 750 1466 880 1549; x_wconf 91' lang='lat' dir='ltr'>antiqui</span> <span class='ocrx_word' id='word_1_70' title='bbox 896 1467 1174 1530; x_wconf 89' lang='lat' dir='ltr'>machinamentis</span> <span class='ocrx_word' id='word_1_71' title='bbox 1190 1468 1372 1531; x_wconf 89' lang='lat' dir='ltr'>aduersarii</span> 
     </span>
     <span class='ocr_line' id='line_1_12' title="bbox 161 1551 1370 1619; baseline 0.004 -5"><span class='ocrx_word' id='word_1_72' title='bbox 161 1551 416 1617; x_wconf 88' lang='lat' dir='ltr'>maculabantur</span> <span class='ocrx_word' id='word_1_73' title='bbox 435 1554 706 1617; x_wconf 89' lang='lat' dir='ltr'>uenenosissimis</span> <span class='ocrx_word' id='word_1_74' title='bbox 721 1602 728 1617; x_wconf 93' lang='lat'>.</span> <span class='ocrx_word' id='word_1_75' title='bbox 746 1553 881 1617; x_wconf 91' lang='lat' dir='ltr'>caelesti</span> <span class='ocrx_word' id='word_1_76' title='bbox 907 1552 1094 1617; x_wconf 87' lang='lat' dir='ltr'>sanctifices</span> <span class='ocrx_word' id='word_1_77' title='bbox 1119 1555 1370 1619; x_wconf 90' lang='lat' dir='ltr'>benedictione.</span> 
     </span>
     <span class='ocr_line' id='line_1_13' title="bbox 162 1640 1293 1723; baseline 0.004 -22"><span class='ocrx_word' id='word_1_78' title='bbox 162 1648 196 1702; x_wconf 91' lang='lat' dir='ltr'>et</span> <span class='ocrx_word' id='word_1_79' title='bbox 218 1649 382 1722; x_wconf 89' lang='lat' dir='ltr'>perpetuo</span> <span class='ocrx_word' id='word_1_80' title='bbox 406 1642 607 1723; x_wconf 90' lang='lat' dir='ltr'>proprioque</span> <span class='ocrx_word' id='word_1_81' title='bbox 631 1640 754 1704; x_wconf 90' lang='lat' dir='ltr'>tuearis</span> <span class='ocrx_word' id='word_1_82' title='bbox 780 1641 964 1705; x_wconf 91' lang='lat' dir='ltr'>munimine</span> <span class='ocrx_word' id='word_1_83' title='bbox 981 1689 988 1706; x_wconf 91' lang='lat'>.</span> <span class='ocrx_word' id='word_1_84' title='bbox 1007 1640 1118 1723; x_wconf 79' lang='lat' dir='ltr'>Quem</span> <span class='ocrx_word' id='word_1_85' title='bbox 1144 1641 1293 1707; x_wconf 90' lang='lat' dir='ltr'>laudant.</span> 
     </span>
    </p>
   </div>
   <div class='ocr_carea' id='block_1_6' title="bbox 668 1794 859 1860">
    <p class='ocr_par' dir='ltr' id='par_1_6' title="bbox 668 1794 859 1860">
     <span class='ocr_line' id='line_1_14' title="bbox 668 1794 859 1860; baseline 0.01 -3"><span class='ocrx_word' id='word_1_86' title='bbox 668 1794 859 1860; x_wconf 72' lang='lat' dir='ltr'>Benedictio</span> 
     </span>
    </p>
   </div>
   <div class='ocr_carea' id='block_1_7' title="bbox 158 1904 1369 2863">
    <p class='ocr_par' dir='ltr' id='par_1_7' title="bbox 161 1904 1368 2166">
     <span class='ocr_line' id='line_1_15' title="bbox 166 1904 1368 2033; baseline 0 -64"><span class='ocrx_word' id='word_1_87' title='bbox 166 1904 427 2033; x_wconf 87' lang='lat' dir='ltr'>OMnipotens</span> <span class='ocrx_word' id='word_1_88' title='bbox 458 1908 541 1972; x_wconf 88' lang='lat' dir='ltr'>deus</span> <span class='ocrx_word' id='word_1_89' title='bbox 557 1957 564 1973; x_wconf 97' lang='lat'>.</span> <span class='ocrx_word' id='word_1_90' title='bbox 581 1908 737 1971; x_wconf 91' lang='lat' dir='ltr'>uniuersa</span> <span class='ocrx_word' id='word_1_91' title='bbox 759 1928 780 1970; x_wconf 92' lang='lat' dir='ltr'>a</span> <span class='ocrx_word' id='word_1_92' title='bbox 802 1907 900 1971; x_wconf 88' lang='lat' dir='ltr'>uobis</span> <span class='ocrx_word' id='word_1_93' title='bbox 928 1916 963 1971; x_wconf 92' lang='lat' dir='ltr'>et</span> <span class='ocrx_word' id='word_1_94' title='bbox 992 1907 1037 1969; x_wconf 93' lang='lat' dir='ltr'>ab</span> <span class='ocrx_word' id='word_1_95' title='bbox 1066 1907 1130 1970; x_wconf 94' lang='lat' dir='ltr'>hoc</span> <span class='ocrx_word' id='word_1_96' title='bbox 1153 1907 1283 1989; x_wconf 91' lang='lat' dir='ltr'>templo</span> <span class='ocrx_word' id='word_1_97' title='bbox 1313 1906 1368 1971; x_wconf 91' lang='lat' dir='ltr'>uel</span> 
     </span>
     <span class='ocr_line' id='line_1_16' title="bbox 275 1994 1367 2076; baseline -0.001 -19"><span class='ocrx_word' id='word_1_98' title='bbox 275 1996 450 2075; x_wconf 89' lang='lat' dir='ltr'>cymiterio</span> <span class='ocrx_word' id='word_1_99' title='bbox 484 1996 625 2059; x_wconf 90' lang='lat' dir='ltr'>aduersa</span> <span class='ocrx_word' id='word_1_100' title='bbox 658 1994 819 2058; x_wconf 86' lang='lat' dir='ltr'>excludat</span> <span class='ocrx_word' id='word_1_101' title='bbox 845 2044 852 2059; x_wconf 98' lang='lat'>.</span> <span class='ocrx_word' id='word_1_102' title='bbox 882 2015 920 2057; x_wconf 91' lang='lat' dir='ltr'>ac</span> <span class='ocrx_word' id='word_1_103' title='bbox 955 2014 1014 2071; x_wconf 79' lang='lat' dir='ltr'>sue</span> <span class='ocrx_word' id='word_1_104' title='bbox 1045 2014 1144 2076; x_wconf 88' lang='lat' dir='ltr'>super</span> <span class='ocrx_word' id='word_1_105' title='bbox 1173 2015 1236 2058; x_wconf 94' lang='lat' dir='ltr'>uos</span> <span class='ocrx_word' id='word_1_106' title='bbox 1266 1994 1367 2057; x_wconf 89' lang='lat' dir='ltr'>bene·</span> 
     </span>
     <span class='ocr_line' id='line_1_17' title="bbox 161 2080 950 2166; baseline 0.001 -22"><span class='ocrx_word' id='word_1_107' title='bbox 161 2080 317 2144; x_wconf 90' lang='lat' dir='ltr'>dictionis</span> <span class='ocrx_word' id='word_1_108' title='bbox 340 2083 430 2145; x_wconf 89' lang='lat' dir='ltr'>dona</span> <span class='ocrx_word' id='word_1_109' title='bbox 446 2083 609 2166; x_wconf 93' lang='lat' dir='ltr'>propitius</span> <span class='ocrx_word' id='word_1_110' title='bbox 624 2080 787 2146; x_wconf 82' lang='lat' dir='ltr'>infundat</span> <span class='ocrx_word' id='word_1_111' title='bbox 833 2082 950 2145; x_wconf 80' lang='lat' dir='ltr'>Amen.</span> 
     </span>
    </p>

    <p class='ocr_par' dir='ltr' id='par_1_8' title="bbox 161 2166 1367 2405">
     <span class='ocr_line' id='line_1_18' title="bbox 205 2166 1366 2233; baseline -0.002 0"><span class='ocrx_word' id='word_1_112' title='bbox 205 2167 316 2233; x_wconf 93' lang='lat' dir='ltr'>Corda</span> <span class='ocrx_word' id='word_1_113' title='bbox 337 2170 607 2233; x_wconf 90' lang='lat' dir='ltr'>conuenientium</span> <span class='ocrx_word' id='word_1_114' title='bbox 628 2170 671 2232; x_wconf 92' lang='lat' dir='ltr'>ad</span> <span class='ocrx_word' id='word_1_115' title='bbox 692 2169 780 2232; x_wconf 90' lang='lat' dir='ltr'>hanc</span> <span class='ocrx_word' id='word_1_116' title='bbox 799 2168 1104 2232; x_wconf 89' lang='lat' dir='ltr'>reconciliationem</span> <span class='ocrx_word' id='word_1_117' title='bbox 1124 2166 1245 2231; x_wconf 88' lang='lat' dir='ltr'>efficiat</span> <span class='ocrx_word' id='word_1_118' title='bbox 1264 2169 1366 2232; x_wconf 92' lang='lat' dir='ltr'>sacris</span> 
     </span>
     <span class='ocr_line' id='line_1_19' title="bbox 161 2253 1367 2339; baseline 0 -22"><span class='ocrx_word' id='word_1_119' title='bbox 161 2255 290 2319; x_wconf 90' lang='lat' dir='ltr'>intenta</span> <span class='ocrx_word' id='word_1_120' title='bbox 316 2256 507 2321; x_wconf 91' lang='lat' dir='ltr'>doctrinis.</span> <span class='ocrx_word' id='word_1_121' title='bbox 532 2275 600 2339; x_wconf 95' lang='lat' dir='ltr'>quo</span> <span class='ocrx_word' id='word_1_122' title='bbox 630 2256 761 2337; x_wconf 88' lang='lat' dir='ltr'>possint</span> <span class='ocrx_word' id='word_1_123' title='bbox 791 2255 909 2339; x_wconf 91' lang='lat' dir='ltr'>repleri</span> <span class='ocrx_word' id='word_1_124' title='bbox 940 2253 1111 2318; x_wconf 90' lang='lat' dir='ltr'>beneficiis</span> <span class='ocrx_word' id='word_1_125' title='bbox 1143 2255 1367 2338; x_wconf 89' lang='lat' dir='ltr'>sempiternis.</span> 
     </span>
     <span class='ocr_line' id='line_1_20' title="bbox 161 2341 277 2405; baseline 0.017 -2"><span class='ocrx_word' id='word_1_126' title='bbox 161 2341 277 2405; x_wconf 81' lang='lat' dir='ltr'>Amen.</span> 
     </span>
    </p>

    <p class='ocr_par' dir='ltr' id='par_1_9' title="bbox 158 2428 1369 2758">
     <span class='ocr_line' id='line_1_21' title="bbox 205 2428 1367 2513; baseline -0.002 -20"><span class='ocrx_word' id='word_1_127' title='bbox 205 2428 372 2511; x_wconf 86' lang='lat' dir='ltr'>Quatinus</span> <span class='ocrx_word' id='word_1_128' title='bbox 395 2429 594 2513; x_wconf 86' lang='lat' dir='ltr'>exequenda</span> <span class='ocrx_word' id='word_1_129' title='bbox 620 2430 919 2513; x_wconf 82' lang='lat' dir='ltr'>intellegentes.et</span> <span class='ocrx_word' id='word_1_130' title='bbox 944 2428 1114 2492; x_wconf 89' lang='lat' dir='ltr'>intellecta</span> <span class='ocrx_word' id='word_1_131' title='bbox 1137 2438 1367 2511; x_wconf 87' lang='lat' dir='ltr'>exequentes.</span> 
     </span>
     <span class='ocr_line' id='line_1_22' title="bbox 159 2514 1366 2599; baseline 0.002 -22"><span class='ocrx_word' id='word_1_132' title='bbox 159 2514 247 2578; x_wconf 91' lang='lat' dir='ltr'>inter</span> <span class='ocrx_word' id='word_1_133' title='bbox 279 2517 420 2581; x_wconf 92' lang='lat' dir='ltr'>aduersa</span> <span class='ocrx_word' id='word_1_134' title='bbox 453 2518 570 2581; x_wconf 91' lang='lat' dir='ltr'>mundi</span> <span class='ocrx_word' id='word_1_135' title='bbox 603 2519 646 2581; x_wconf 92' lang='lat' dir='ltr'>ab</span> <span class='ocrx_word' id='word_1_136' title='bbox 686 2518 778 2583; x_wconf 91' lang='lat' dir='ltr'>omni</span> <span class='ocrx_word' id='word_1_137' title='bbox 815 2518 915 2581; x_wconf 90' lang='lat' dir='ltr'>sorde</span> <span class='ocrx_word' id='word_1_138' title='bbox 952 2526 1165 2599; x_wconf 88' lang='lat' dir='ltr'>peccatorum</span> <span class='ocrx_word' id='word_1_139' title='bbox 1203 2514 1366 2579; x_wconf 89' lang='lat' dir='ltr'>abstersi.</span> 
     </span>
     <span class='ocr_line' id='line_1_23' title="bbox 159 2601 1369 2688; baseline 0 -22"><span class='ocrx_word' id='word_1_140' title='bbox 159 2601 377 2669; x_wconf 90' lang='lat' dir='ltr'>inueniamini</span> <span class='ocrx_word' id='word_1_141' title='bbox 422 2604 605 2670; x_wconf 91' lang='lat' dir='ltr'>incolumes</span> <span class='ocrx_word' id='word_1_142' title='bbox 629 2654 636 2670; x_wconf 99' lang='lat'>.</span> <span class='ocrx_word' id='word_1_143' title='bbox 660 2614 695 2670; x_wconf 91' lang='lat' dir='ltr'>et</span> <span class='ocrx_word' id='word_1_144' title='bbox 739 2605 914 2670; x_wconf 91' lang='lat' dir='ltr'>beatorum</span> <span class='ocrx_word' id='word_1_145' title='bbox 955 2603 1132 2688; x_wconf 87' lang='lat' dir='ltr'>spirituum</span> <span class='ocrx_word' id='word_1_146' title='bbox 1178 2601 1369 2666; x_wconf 87' lang='lat' dir='ltr'>efficiamini</span> 
     </span>
     <span class='ocr_line' id='line_1_24' title="bbox 158 2691 511 2758; baseline 0.011 -4"><span class='ocrx_word' id='word_1_147' title='bbox 158 2691 349 2756; x_wconf 88' lang='lat' dir='ltr'>coheredes.</span> <span class='ocrx_word' id='word_1_148' title='bbox 394 2692 511 2758; x_wconf 84' lang='lat' dir='ltr'>Amen.</span> 
     </span>
    </p>

    <p class='ocr_par' dir='ltr' id='par_1_10' title="bbox 204 2776 408 2863">
     <span class='ocr_line' id='line_1_25' title="bbox 204 2776 408 2863; baseline 0.015 -22"><span class='ocrx_word' id='word_1_149' title='bbox 204 2776 306 2859; x_wconf 84' lang='lat' dir='ltr'>Quod</span> <span class='ocrx_word' id='word_1_150' title='bbox 328 2780 408 2863; x_wconf 92' lang='lat' dir='ltr'>ipse.</span> 
     </span>
    </p>
   </div>
   <div class='ocr_carea' id='block_1_8' title="bbox 159 2915 1368 3087">
    <p class='ocr_par' dir='ltr' id='par_1_11' title="bbox 159 2915 1368 3087">
     <span class='ocr_line' id='line_1_26' title="bbox 205 2915 1368 3000; baseline 0.002 -19"><span class='ocrx_word' id='word_1_151' title='bbox 205 2915 401 2982; x_wconf 77' lang='lat' dir='ltr'>Communia.</span> <span class='ocrx_word' id='word_1_152' title='bbox 459 2917 664 3000; x_wconf 91' lang='lat' dir='ltr'>Acceptabis</span> <span class='ocrx_word' id='word_1_153' title='bbox 702 2918 901 2982; x_wconf 88' lang='lat' dir='ltr'>sacrificium</span> <span class='ocrx_word' id='word_1_154' title='bbox 935 2916 1083 2981; x_wconf 89' lang='lat' dir='ltr'>iustitiae</span> <span class='ocrx_word' id='word_1_155' title='bbox 1113 2915 1301 2981; x_wconf 91' lang='lat' dir='ltr'>oblationes</span> <span class='ocrx_word' id='word_1_156' title='bbox 1333 2928 1368 2983; x_wconf 90' lang='lat' dir='ltr'>et</span> 
     </span>
     <span class='ocr_line' id='line_1_27' title="bbox 159 3003 894 3087; baseline 0.007 -22"><span class='ocrx_word' id='word_1_157' title='bbox 159 3003 356 3068; x_wconf 88' lang='lat' dir='ltr'>holocausta</span> <span class='ocrx_word' id='word_1_158' title='bbox 378 3025 476 3087; x_wconf 92' lang='lat' dir='ltr'>super</span> <span class='ocrx_word' id='word_1_159' title='bbox 499 3005 603 3069; x_wconf 89' lang='lat' dir='ltr'>altare</span> <span class='ocrx_word' id='word_1_160' title='bbox 626 3016 723 3070; x_wconf 91' lang='lat' dir='ltr'>tuum</span> <span class='ocrx_word' id='word_1_161' title='bbox 747 3005 894 3070; x_wconf 91' lang='lat' dir='ltr'>domine.</span> 
     </span>
    </p>
   </div>
   <div class='ocr_carea' id='block_1_9' title="bbox 607 3157 917 3242">
    <p class='ocr_par' dir='ltr' id='par_1_12' title="bbox 607 3157 917 3242">
     <span class='ocr_line' id='line_1_28' title="bbox 607 3157 917 3242; baseline 0 -19"><span class='ocrx_word' id='word_1_162' title='bbox 607 3159 671 3223; x_wconf 85' lang='lat' dir='ltr'>Ad</span> <span class='ocrx_word' id='word_1_163' title='bbox 688 3157 917 3242; x_wconf 75' lang='lat' dir='ltr'>complmdum.</span> 
     </span>
    </p>
   </div>
   <div class='ocr_carea' id='block_1_10' title="bbox 155 3267 1367 3770">
    <p class='ocr_par' dir='ltr' id='par_1_13' title="bbox 164 3267 1367 3394">
     <span class='ocr_line' id='line_1_29' title="bbox 164 3267 1367 3394; baseline 0 -62"><span class='ocrx_word' id='word_1_164' title='bbox 164 3269 430 3394; x_wconf 81' lang='lat' dir='ltr'>PErcipientes</span> <span class='ocrx_word' id='word_1_165' title='bbox 462 3269 596 3332; x_wconf 91' lang='lat' dir='ltr'>domine</span> <span class='ocrx_word' id='word_1_166' title='bbox 628 3289 766 3332; x_wconf 89' lang='lat' dir='ltr'>munera</span> <span class='ocrx_word' id='word_1_167' title='bbox 796 3267 913 3332; x_wconf 91' lang='lat' dir='ltr'>salutis</span> <span class='ocrx_word' id='word_1_168' title='bbox 936 3275 1114 3332; x_wconf 88' lang='lat' dir='ltr'>aeternae.</span> <span class='ocrx_word' id='word_1_169' title='bbox 1134 3275 1169 3331; x_wconf 90' lang='lat' dir='ltr'>te</span> <span class='ocrx_word' id='word_1_170' title='bbox 1199 3267 1367 3350; x_wconf 90' lang='lat' dir='ltr'>supplices</span> 
     </span>
    </p>

    <p class='ocr_par' dir='ltr' id='par_1_14' title="bbox 155 3354 1364 3770">
     <span class='ocr_line' id='line_1_30' title="bbox 264 3354 1364 3439; baseline -0.001 -19"><span class='ocrx_word' id='word_1_171' title='bbox 264 3375 444 3420; x_wconf 87' lang='lat' dir='ltr'>exoramus</span> <span class='ocrx_word' id='word_1_172' title='bbox 460 3402 468 3419; x_wconf 94' lang='lat'>.</span> <span class='ocrx_word' id='word_1_173' title='bbox 485 3365 523 3420; x_wconf 93' lang='lat' dir='ltr'>ut</span> <span class='ocrx_word' id='word_1_174' title='bbox 543 3356 706 3439; x_wconf 91' lang='lat' dir='ltr'>templum</span> <span class='ocrx_word' id='word_1_175' title='bbox 725 3355 789 3418; x_wconf 91' lang='lat' dir='ltr'>hoc</span> <span class='ocrx_word' id='word_1_176' title='bbox 808 3354 862 3417; x_wconf 90' lang='lat' dir='ltr'>uel</span> <span class='ocrx_word' id='word_1_177' title='bbox 882 3354 1094 3435; x_wconf 89' lang='lat' dir='ltr'>cymiterium</span> <span class='ocrx_word' id='word_1_178' title='bbox 1109 3373 1130 3416; x_wconf 92' lang='lat' dir='ltr'>a</span> <span class='ocrx_word' id='word_1_179' title='bbox 1144 3354 1364 3419; x_wconf 89' lang='lat' dir='ltr'>barbarorum</span> 
     </span>
     <span class='ocr_line' id='line_1_31' title="bbox 158 3440 1364 3528; baseline 0.001 -22"><span class='ocrx_word' id='word_1_180' title='bbox 158 3442 212 3506; x_wconf 96' lang='lat' dir='ltr'>uel</span> <span class='ocrx_word' id='word_1_181' title='bbox 234 3441 437 3528; x_wconf 72' lang='lat' dir='ltr'>inilquorum</span> <span class='ocrx_word' id='word_1_182' title='bbox 461 3443 721 3526; x_wconf 88' lang='lat' dir='ltr'>inquinamentis</span> <span class='ocrx_word' id='word_1_183' title='bbox 745 3444 945 3505; x_wconf 91' lang='lat' dir='ltr'>mundatum</span> <span class='ocrx_word' id='word_1_184' title='bbox 968 3451 1027 3504; x_wconf 87' lang='lat' dir='ltr'>tua</span> <span class='ocrx_word' id='word_1_185' title='bbox 1049 3441 1149 3504; x_wconf 90' lang='lat' dir='ltr'>bene·</span> <span class='ocrx_word' id='word_1_186' title='bbox 1173 3440 1241 3523; x_wconf 84' lang='lat' dir='ltr'>[sol.</span> <span class='ocrx_word' id='word_1_187' title='bbox 1272 3458 1364 3522; x_wconf 83' lang='lat' dir='ltr'>132v.</span> 
     </span>
     <span class='ocr_line' id='line_1_32' title="bbox 157 3528 1364 3610; baseline -0.001 -16"><span class='ocrx_word' id='word_1_188' title='bbox 157 3531 304 3595; x_wconf 92' lang='lat' dir='ltr'>dictione</span> <span class='ocrx_word' id='word_1_189' title='bbox 337 3539 473 3596; x_wconf 87' lang='lat' dir='ltr'>maneat</span> <span class='ocrx_word' id='word_1_190' title='bbox 510 3528 755 3593; x_wconf 88' lang='lat' dir='ltr'>sanctificatum</span> <span class='ocrx_word' id='word_1_191' title='bbox 779 3579 786 3594; x_wconf 91' lang='lat'>.</span> <span class='ocrx_word' id='word_1_192' title='bbox 808 3537 842 3592; x_wconf 89' lang='lat' dir='ltr'>et</span> <span class='ocrx_word' id='word_1_193' title='bbox 873 3537 1010 3610; x_wconf 91' lang='lat' dir='ltr'>pectora</span> <span class='ocrx_word' id='word_1_194' title='bbox 1046 3537 1162 3591; x_wconf 90' lang='lat' dir='ltr'>nostra</span> <span class='ocrx_word' id='word_1_195' title='bbox 1195 3528 1239 3591; x_wconf 94' lang='lat' dir='ltr'>ab</span> <span class='ocrx_word' id='word_1_196' title='bbox 1270 3531 1364 3593; x_wconf 91' lang='lat' dir='ltr'>omni</span> 
     </span>
     <span class='ocr_line' id='line_1_33' title="bbox 157 3615 1364 3699; baseline -0.001 -19"><span class='ocrx_word' id='word_1_197' title='bbox 157 3617 256 3681; x_wconf 90' lang='lat' dir='ltr'>sorde</span> <span class='ocrx_word' id='word_1_198' title='bbox 286 3618 442 3681; x_wconf 93' lang='lat' dir='ltr'>uitiorum</span> <span class='ocrx_word' id='word_1_199' title='bbox 471 3616 616 3680; x_wconf 90' lang='lat' dir='ltr'>alienata</span> <span class='ocrx_word' id='word_1_200' title='bbox 643 3617 770 3699; x_wconf 90' lang='lat' dir='ltr'>tibique</span> <span class='ocrx_word' id='word_1_201' title='bbox 800 3617 925 3680; x_wconf 87' lang='lat' dir='ltr'>deuota</span> <span class='ocrx_word' id='word_1_202' title='bbox 951 3635 1084 3697; x_wconf 88' lang='lat' dir='ltr'>semper</span> <span class='ocrx_word' id='word_1_203' title='bbox 1106 3615 1288 3680; x_wconf 90' lang='lat' dir='ltr'>assistant.</span> <span class='ocrx_word' id='word_1_204' title='bbox 1305 3636 1364 3699; x_wconf 91' lang='lat' dir='ltr'>per</span> 
     </span>
     <span class='ocr_line' id='line_1_34' title="bbox 155 3704 342 3770; baseline 0.005 -2"><span class='ocrx_word' id='word_1_205' title='bbox 155 3704 342 3770; x_wconf 92' lang='lat' dir='ltr'>dominum.</span> 
     </span>
    </p>
   </div>
   <div class='ocr_carea' id='block_1_11' title="bbox 479 3877 1044 3947">
    <p class='ocr_par' dir='ltr' id='par_1_15' title="bbox 479 3877 1044 3947">
     <span class='ocr_line' id='line_1_35' title="bbox 479 3877 1044 3947; baseline -0.009 0"><span class='ocrx_word' id='word_1_206' title='bbox 479 3881 629 3947; x_wconf 76' lang='lat' dir='ltr'>Onnmo</span> <span class='ocrx_word' id='word_1_207' title='bbox 652 3894 704 3944; x_wconf 84' lang='lat' dir='ltr'>AD</span> <span class='ocrx_word' id='word_1_208' title='bbox 727 3877 1044 3944; x_wconf 75' lang='lat' dir='ltr'>cnmmnsunnm¹</span> 
     </span>
    </p>
   </div>
   <div class='ocr_carea' id='block_1_12' title="bbox 155 3989 1361 4424">
    <p class='ocr_par' dir='ltr' id='par_1_16' title="bbox 155 3989 1361 4424">
     <span class='ocr_line' id='line_1_36' title="bbox 158 3989 1361 4120; baseline -0.002 -64"><span class='ocrx_word' id='word_1_209' title='bbox 158 3989 421 4120; x_wconf 85' lang='lat' dir='ltr'>OMnipotens</span> <span class='ocrx_word' id='word_1_210' title='bbox 450 3993 653 4074; x_wconf 89' lang='lat' dir='ltr'>sempiterne</span> <span class='ocrx_word' id='word_1_211' title='bbox 683 3992 765 4055; x_wconf 91' lang='lat' dir='ltr'>deus</span> <span class='ocrx_word' id='word_1_212' title='bbox 796 3991 923 4072; x_wconf 87' lang='lat' dir='ltr'>respice</span> <span class='ocrx_word' id='word_1_213' title='bbox 954 3990 1116 4074; x_wconf 89' lang='lat' dir='ltr'>propitius</span> <span class='ocrx_word' id='word_1_214' title='bbox 1146 4008 1246 4072; x_wconf 90' lang='lat' dir='ltr'>super</span> <span class='ocrx_word' id='word_1_215' title='bbox 1272 3989 1361 4053; x_wconf 92' lang='lat' dir='ltr'>hunc</span> 
     </span>
     <span class='ocr_line' id='line_1_37' title="bbox 270 4077 1359 4161; baseline -0.002 -18"><span class='ocrx_word' id='word_1_216' title='bbox 270 4079 432 4143; x_wconf 83' lang='lat' dir='ltr'>famulum</span> <span class='ocrx_word' id='word_1_217' title='bbox 456 4089 550 4143; x_wconf 92' lang='lat' dir='ltr'>tuum</span> <span class='ocrx_word' id='word_1_218' title='bbox 574 4125 582 4142; x_wconf 94' lang='lat'>.</span> <span class='ocrx_word' id='word_1_219' title='bbox 606 4079 638 4142; x_wconf 93' lang='lat' dir='ltr'>N</span> <span class='ocrx_word' id='word_1_220' title='bbox 662 4127 670 4143; x_wconf 98' lang='lat'>.</span> <span class='ocrx_word' id='word_1_221' title='bbox 694 4099 793 4161; x_wconf 92' lang='lat' dir='ltr'>quem</span> <span class='ocrx_word' id='word_1_222' title='bbox 816 4079 860 4141; x_wconf 92' lang='lat' dir='ltr'>ad</span> <span class='ocrx_word' id='word_1_223' title='bbox 885 4097 1007 4141; x_wconf 91' lang='lat' dir='ltr'>nouam</span> <span class='ocrx_word' id='word_1_224' title='bbox 1031 4077 1193 4141; x_wconf 87' lang='lat' dir='ltr'>tondendi</span> <span class='ocrx_word' id='word_1_225' title='bbox 1216 4078 1359 4159; x_wconf 84' lang='lat' dir='ltr'>gratiam</span> 
     </span>
     <span class='ocr_line' id='line_1_38' title="bbox 155 4163 1360 4248; baseline -0.002 -18"><span class='ocrx_word' id='word_1_226' title='bbox 155 4187 276 4230; x_wconf 90' lang='lat' dir='ltr'>uocare</span> <span class='ocrx_word' id='word_1_227' title='bbox 306 4168 463 4248; x_wconf 86' lang='lat' dir='ltr'>dignatus</span> <span class='ocrx_word' id='word_1_228' title='bbox 486 4187 521 4229; x_wconf 91' lang='lat' dir='ltr'>es</span> <span class='ocrx_word' id='word_1_229' title='bbox 538 4216 544 4230; x_wconf 95' lang='lat'>.</span> <span class='ocrx_word' id='word_1_230' title='bbox 561 4167 710 4229; x_wconf 89' lang='lat' dir='ltr'>tribuens</span> <span class='ocrx_word' id='word_1_231' title='bbox 741 4168 771 4229; x_wconf 92' lang='lat' dir='ltr'>ei</span> <span class='ocrx_word' id='word_1_232' title='bbox 801 4165 1031 4227; x_wconf 89' lang='lat' dir='ltr'>remissionem</span> <span class='ocrx_word' id='word_1_233' title='bbox 1063 4163 1214 4227; x_wconf 91' lang='lat' dir='ltr'>omnium</span> <span class='ocrx_word' id='word_1_234' title='bbox 1244 4184 1360 4246; x_wconf 90' lang='lat' dir='ltr'>pecca·</span> 
     </span>
     <span class='ocr_line' id='line_1_39' title="bbox 155 4251 1359 4335; baseline 0 -19"><span class='ocrx_word' id='word_1_235' title='bbox 155 4263 267 4318; x_wconf 86' lang='lat' dir='ltr'>torum</span> <span class='ocrx_word' id='word_1_236' title='bbox 287 4301 295 4317; x_wconf 94' lang='lat'>.</span> <span class='ocrx_word' id='word_1_237' title='bbox 314 4264 416 4335; x_wconf 88' lang='lat' dir='ltr'>atque</span> <span class='ocrx_word' id='word_1_238' title='bbox 438 4255 481 4317; x_wconf 92' lang='lat' dir='ltr'>ad</span> <span class='ocrx_word' id='word_1_239' title='bbox 505 4252 699 4317; x_wconf 91' lang='lat' dir='ltr'>caelestium</span> <span class='ocrx_word' id='word_1_240' title='bbox 729 4255 893 4317; x_wconf 88' lang='lat' dir='ltr'>donorum</span> <span class='ocrx_word' id='word_1_241' title='bbox 924 4251 1098 4333; x_wconf 87' lang='lat' dir='ltr'>peruenire</span> <span class='ocrx_word' id='word_1_242' title='bbox 1127 4253 1359 4316; x_wconf 89' lang='lat' dir='ltr'>consortium.</span> 
     </span>
     <span class='ocr_line' id='line_1_40' title="bbox 156 4342 421 4424; baseline 0.004 -21"><span class='ocrx_word' id='word_1_243' title='bbox 156 4361 215 4424; x_wconf 91' lang='lat' dir='ltr'>per</span> <span class='ocrx_word' id='word_1_244' title='bbox 237 4342 421 4405; x_wconf 91' lang='lat' dir='ltr'>dominum.</span> 
     </span>
    </p>
   </div>
   <div class='ocr_carea' id='block_1_13' title="bbox 153 4455 1364 4593">
    <p class='ocr_par' dir='ltr' id='par_1_17' title="bbox 153 4455 1364 4593">
     <span class='ocr_line' id='line_1_41' title="bbox 188 4455 1364 4522; baseline -0.004 -9"><span class='ocrx_word' id='word_1_245' title='bbox 188 4463 197 4492; x_wconf 83' lang='lat'><strong>¹</strong></span> <span class='ocrx_word' id='word_1_246' title='bbox 215 4463 300 4513; x_wconf 84' lang='lat' dir='ltr'>Plural</span> <span class='ocrx_word' id='word_1_247' title='bbox 311 4463 388 4512; x_wconf 84' lang='lat' dir='ltr'>forms</span> <span class='ocrx_word' id='word_1_248' title='bbox 398 4477 441 4510; x_wconf 87' lang='lat' dir='ltr'>are</span> <span class='ocrx_word' id='word_1_249' title='bbox 452 4458 552 4512; x_wconf 88' lang='lat' dir='ltr'>written</span> <span class='ocrx_word' id='word_1_250' title='bbox 563 4461 644 4511; x_wconf 89' lang='lat' dir='ltr'>above</span> <span class='ocrx_word' id='word_1_251' title='bbox 656 4460 698 4510; x_wconf 91' lang='lat' dir='ltr'>the</span> <span class='ocrx_word' id='word_1_252' title='bbox 710 4459 761 4509; x_wconf 90' lang='lat' dir='ltr'>line</span> <span class='ocrx_word' id='word_1_253' title='bbox 773 4457 928 4522; x_wconf 83' lang='lat' dir='ltr'>throughout</span> <span class='ocrx_word' id='word_1_254' title='bbox 940 4457 991 4506; x_wconf 89' lang='lat' dir='ltr'>this</span> <span class='ocrx_word' id='word_1_255' title='bbox 1001 4455 1101 4519; x_wconf 88' lang='lat' dir='ltr'>collect,</span> <span class='ocrx_word' id='word_1_256' title='bbox 1109 4457 1148 4508; x_wconf 84' lang='lat' dir='ltr'>for</span> <span class='ocrx_word' id='word_1_257' title='bbox 1160 4473 1204 4507; x_wconf 88' lang='lat' dir='ltr'>use</span> <span class='ocrx_word' id='word_1_258' title='bbox 1216 4458 1242 4506; x_wconf 94' lang='lat' dir='ltr'>in</span> <span class='ocrx_word' id='word_1_259' title='bbox 1254 4458 1297 4508; x_wconf 89' lang='lat' dir='ltr'>the</span> <span class='ocrx_word' id='word_1_260' title='bbox 1308 4474 1364 4508; x_wconf 89' lang='lat' dir='ltr'>case</span> 
     </span>
     <span class='ocr_line' id='line_1_42' title="bbox 153 4527 520 4593; baseline 0 -15"><span class='ocrx_word' id='word_1_261' title='bbox 153 4529 185 4578; x_wconf 79' lang='lat' dir='ltr'>of</span> <span class='ocrx_word' id='word_1_262' title='bbox 193 4544 263 4578; x_wconf 89' lang='lat' dir='ltr'>more</span> <span class='ocrx_word' id='word_1_263' title='bbox 274 4544 379 4593; x_wconf 89' lang='lat' dir='ltr'>persons</span> <span class='ocrx_word' id='word_1_264' title='bbox 390 4527 452 4578; x_wconf 86' lang='lat' dir='ltr'>than</span> <span class='ocrx_word' id='word_1_265' title='bbox 464 4541 520 4578; x_wconf 90' lang='lat' dir='ltr'>one.</span> 
     </span>
    </p>
   </div>
   <div class='ocr_carea' id='block_1_14' title="bbox 199 4603 1232 4660">
    <p class='ocr_par' dir='ltr' id='par_1_18' title="bbox 199 4603 1232 4660">
     <span class='ocr_line' id='line_1_43' title="bbox 199 4603 1232 4660; baseline -0.005 -2"><span class='ocrx_word' id='word_1_266' title='bbox 199 4608 357 4660; x_wconf 89' lang='lat' dir='ltr'>ROBERT.</span> <span class='ocrx_word' id='word_1_267' title='bbox 1218 4603 1232 4653; x_wconf 92' lang='lat'>1</span> 
     </span>
    </p>
   </div>
   <div class='ocr_carea' id='block_1_15' title="bbox 0 0 1692 5250">
    <p class='ocr_par' dir='ltr' id='par_1_19' title="bbox 0 0 1692 5250">
     <span class='ocr_line' id='line_1_44' title="bbox 0 0 1692 5250; baseline 0 4"><span class='ocrx_word' id='word_1_268' title='bbox 0 0 1692 5250; x_wconf 95' lang='lat' dir='ltr'> </span> 
     </span>
    </p>
   </div>
  </div>
 </body>
</html>
