3375 5250
581 372 838 421 CONSECRATIO
860 372 1077 421 ECCLESIAE.
1386 365 1418 429 83

248 546 386 629 Prefat
371 570 402 611 ea
432 548 466 611 in
502 548 604 613 rnedza
635 550 762 632 eclesie.
779 551 945 613 Dominus
975 550 1162 614 nobiscnm.
1177 548 1227 628 Re.
1256 547 1306 611 Et
1326 568 1416 610 carn.

206 631 328 697 Snrsnr
318 656 350 697 nr
407 636 538 699 cerda.
562 636 732 700 Habemus
773 637 822 701 aa'
874 637 1072 701 darnzNJnnrn
1098 637 1237 701 Gratias
1276 655 1417 717 agamus

205 720 336 784 dernirre
357 722 412 786 dea
435 734 563 787 nestra
576 724 727 805 ngnnrn
750 734 783 789 et
799 725 924 787 instant
946 734 1000 788 est.

209 884 297 1012 (D
315 871 365 935 Et
383 872 507 936 eastum
528 884 577 936 est
596 892 695 954 nsque
712 872 868 949 eternae†
884 873 984 936 dens.
1002 871 1136 935 Adesto
1144 870 1313 974 precibus
1337 890 1412 933 nos-

340 960 422 1023 tris.
439 961 557 1023 adesto
586 960 828 1024 sacramentis
845 960 964 1022 adesto
989 960 1091 1022 etiam
1117 959 1181 1042 piis
1209 956 1411 1022 famulorum

207 1054 340 1109 tuorum
363 1046 557 1109 laboribus.
574 1045 737 1129 nobisque
764 1046 1025 1109 misericordiam
1052 1056 1145 1110 tuam
1173 1045 1410 1128 poscentibus

207 1132 401 1196 Descendat
417 1153 551 1216 quoque
566 1134 599 1196 in
616 1134 703 1197 hanc
719 1132 875 1197 eclesiam
890 1142 984 1196 tuam
1001 1152 1102 1214 quam
1120 1133 1183 1196 sub
1199 1131 1411 1195 inuocatione

206 1220 313 1283 sancti
339 1220 484 1282 nominis
511 1221 560 1285 tui
587 1222 620 1282 in
647 1222 773 1283 honore
797 1220 1130 1301 sancti.ill.indigni
1157 1239 1410 1297 consecramus.

207 1318 342 1370 sanctus
372 1307 507 1389 spiritus
537 1317 614 1370 tuus
644 1307 847 1389 septiformis
871 1308 977 1389 gratie
1008 1307 1159 1371 ubertate
1189 1306 1341 1389 perfusus
1356 1316 1412 1371 .ut

206 1395 484 1476 quotiescumque
508 1394 542 1457 in
565 1394 629 1457 hac
653 1395 755 1458 domo
781 1403 840 1457 tua
863 1404 1017 1457 sanctum
1042 1404 1137 1458 tuum
1163 1414 1285 1457 nomen
1312 1392 1411 1456 fuerit

206 1480 545 1545 inuocatum.eorum
570 1480 628 1563 qui
650 1490 684 1544 te
710 1480 940 1544 inuocauerint
964 1502 985 1543 a
1008 1490 1042 1543 te
1063 1483 1119 1563 pio
1138 1482 1274 1544 domine
1297 1500 1410 1561 preces

206 1569 453 1632 exaudiantur.
470 1568 502 1633 O
533 1568 634 1631 beata
659 1579 776 1632 sancta
813 1568 945 1632 trinitas
983 1589 1048 1649 que
1083 1568 1196 1632 omnia
1233 1567 1412 1650 purificas.

206 1655 320 1717 omnia
358 1655 523 1718 mundas.
541 1656 655 1718 omnia
683 1676 828 1719 exornas
845 1655 900 1720 ,Ο
931 1655 1031 1719 beata
1062 1656 1219 1719 maiestas
1249 1654 1326 1718 dei.
1343 1674 1409 1736 que

207 1751 328 1805 cuncta
359 1742 477 1825 imples
494 1791 500 1806 .
517 1752 637 1805 cuncta
664 1743 813 1805 contines
830 1792 837 1806 .
854 1754 1040 1824 cunctaque
1070 1743 1220 1824 disponis
1231 1791 1239 1806 .
1251 1742 1283 1807 O
1310 1742 1410 1805 beata

206 1837 241 1891 et
261 1838 375 1893 sancta
392 1850 510 1892 manus
528 1829 749 1911 dominique
770 1830 885 1892 omnia
902 1827 1103 1906 sanctisficas
1126 1830 1240 1892 omnia
1255 1827 1325 1911 [fol.
1340 1844 1409 1908 103.

206 1916 399 1980 benedicis.
418 1918 531 1980 omnia
562 1917 726 1980 sacrificas
742 1966 749 1979 .
768 1916 798 1981 O
830 1926 946 1979 sancte
976 1926 1168 1979 sanctorum
1193 1920 1299 1981 deus.
1315 1925 1408 1979 tuam

208 2002 423 2066 clementiam
442 2003 629 2066 humillima
650 2004 830 2067 deuotione
851 2004 1128 2085 deposcimus.ut
1146 2005 1234 2066 hanc
1253 2003 1408 2066 eclesiam

206 2110 266 2172 per
298 2100 410 2167 nostre
441 2089 638 2153 humilitatis
669 2090 868 2153 famulatum
900 2092 933 2153 in
970 2091 1096 2153 honore
1129 2092 1235 2154 sancti
1263 2090 1312 2153 tui
1348 2089 1409 2152 ill.

209 2176 404 2259 purificare.
423 2177 617 2240 benedicere
644 2196 904 2259 consecrareque
929 2178 1266 2260 digneris.perpetua
1288 2177 1409 2239 sancti·

207 2264 371 2327 ficationis
396 2273 453 2341 tue
479 2264 730 2328 ubertate.Hic
758 2285 892 2348 quoque
917 2266 1107 2328 sacerdotes
1130 2262 1328 2327 sacrificium
1348 2264 1410 2326 tibi

209 2351 318 2414 laudis
339 2350 564 2415 offerant.hic
590 2350 706 2415 fideles
733 2352 848 2433 populi
875 2362 956 2414 uota
982 2352 1174 2433 persoluant
1190 2401 1197 2417 .
1214 2352 1267 2414 hic
1294 2371 1410 2431 pecca-

206 2446 318 2501 torum
352 2459 455 2501 onera
489 2438 680 2502 soluantur.
694 2437 913 2520 fideliumque
940 2438 1035 2519 lapsa
1057 2439 1323 2521 reparentur.ln
1347 2438 1410 2499 hac

207 2545 287 2606 ergo
311 2545 493 2607 quesumus
518 2525 654 2589 domine
677 2527 779 2589 domo
802 2535 862 2589 tua
884 2527 1019 2607 spiritus
1041 2528 1148 2589 sancti
1171 2526 1279 2608 gratia
1304 2527 1411 2606 egroti

207 2612 528 2676 sanentur.infirmi
563 2612 928 2678 restituantur.claudi
968 2612 1284 2696 curentur.leprosi
1315 2633 1410 2676 mun-

202 2701 348 2764 dentur.
365 2702 432 2765 ceci
460 2700 706 2764 illuminentur.
720 2701 879 2764 demonia
906 2701 1083 2765 eiciantur.
1097 2701 1303 2766 Cunctorum
1330 2720 1410 2781 ergo

208 2787 369 2850 debilium
393 2789 618 2869 egrotationes
643 2796 677 2850 te
700 2789 837 2851 domine
862 2796 1030 2850 annuente
1053 2788 1409 2870 pellantur.Omnium

205 2875 307 2936 etiam
346 2875 479 2937 uincula
515 2883 728 2957 peccatorum
768 2874 1010 2939 absoluantur.
1026 2885 1064 2938 ut
1104 2895 1221 2938 omnes
1253 2875 1310 2956 qui
1348 2874 1411 2937 hoc

205 2961 369 3042 templum
401 2960 563 3024 beneficia
593 2962 682 3024 iusta
712 2961 921 3044 deprecaturi
953 2962 1345 3044 ingrediuntur.cuncta
1376 2981 1412 3022 se

203 3048 401 3129 impetrasse
425 3048 597 3112 letentur!
609 3058 646 3111 ut
670 3069 828 3111 concessa
852 3051 1078 3112 misericordia
1095 3069 1196 3130 quam
1217 3069 1412 3131 precamur.

204 3144 368 3218 perpetuo
389 3135 611 3198 miserationis
632 3145 689 3199 tue
710 3157 848 3199 munere
871 3135 1068 3217 gloriemur.
1081 3157 1140 3218 per
1156 3136 1341 3199 dominum.

224 3342 300 3426 Ipsa
322 3344 442 3424 expleta
465 3341 710 3424 e'ngrede'endrnn
734 3353 781 3404 est
801 3342 850 3406 aa'
867 3345 993 3406 altare.
1010 3341 1149 3406 canende
1169 3343 1389 3426 antiphonam.

247 3496 419 3561 *introibo
449 3497 492 3559 ad
523 3495 628 3558 altare
659 3494 712 3558 dei
744 3495 809 3557 mei
840 3496 882 3557 ad
915 3497 1014 3558 deum
1041 3497 1099 3578 qui
1130 3495 1269 3560 letificat
1297 3498 1411 3560 iuuen-

197 3597 307 3652 tutem
332 3580 472 3646 meam.*
517 3582 575 3644 Ps.
602 3581 739 3645 *ludica
763 3581 847 3644 mo*

251 3839 388 3905 (leniens
424 3859 499 3900 nera
535 3848 611 3900 ante
644 3839 769 3900 altare.
786 3835 936 3918 effundat
966 3837 1054 3918 quad
1082 3837 1244 3900 remansit
1265 3832 1313 3898 ¹aie
1342 3839 1412 3920 ipsa

199 3949 285 4011 aqna
302 3927 349 3989 ad
367 3925 484 3988 bessina
503 3926 623 3989 altaris
643 3922 687 4008 let
700 3934 888 4006 extergatur
903 3926 1009 3987 altare
1021 3925 1117 3987 lintea
1131 3945 1204 3987 cnne
1226 3919 1297 4008 [fol.
1318 3941 1408 4006 103v.

199 4015 386 4097 antiphona.

245 4164 355 4228 *Ecce
388 4161 640 4226 tabernaculum
676 4162 730 4224 dei
765 4180 841 4224 cum
879 4161 1071 4224 hominibus
1109 4170 1143 4224 et
1181 4163 1317 4245 spiritus
1354 4167 1409 4229 dei

200 4253 332 4318 habitat
355 4251 388 4313 in
410 4250 497 4312 illis.
514 4249 678 4330 templum
700 4247 789 4311 enim
811 4248 864 4310 dei
886 4258 1041 4311 sanctum
1062 4257 1113 4311 est
1134 4250 1225 4332 quod
1246 4253 1327 4314 estis
1348 4272 1409 4316 uos

202 4339 371 4424 proculus
388 4357 501 4400 amore
518 4335 694 4398 celebratis
717 4335 817 4399 hodie
840 4336 964 4418 gaudia
982 4336 1104 4417 templi
1128 4346 1279 4420 tempore
1302 4337 1409 4402 festi*

197 4429 257 4491 Pr.
281 4426 436 4490 Laudate
458 4423 632 4486 dominum
656 4442 781 4486 omnes.

1210 4539 1277 4588 G2
