3375 5250
536 464 746 516 ORDINATIO
766 468 1043 521 MONACHORUM.

680 654 764 718 Item
785 654 865 721 alia.

238 790 309 893 Eus
338 796 395 877 qui
430 798 668 865 uestimentum
703 801 870 868 salutare.
887 813 922 868 et
952 804 1187 869 indumentum
1218 814 1374 869 aeternae

269 883 493 983 ‘iocunditatis
530 888 596 951 tuis
626 887 781 954 fidelibus
810 889 1015 973 promisisti.
1031 892 1244 956 clementiam
1278 901 1372 956 tuam

165 964 361 1066 suppliciter
395 991 576 1051 exoramus
596 1023 604 1041 .
624 985 662 1040 ut
694 977 758 1040 hoc
798 978 1033 1046 indumentum
1052 1026 1061 1043 .
1080 978 1371 1044 mortificationem
1398 999 1400 1006 ·

164 1066 273 1116 carnrs
288 1102 296 1119 .
312 1054 537 1125 humilitatem
560 1063 688 1128 cordis.
701 1072 736 1129 et
757 1073 991 1150 contemptum
1015 1067 1131 1131 mundi
1157 1064 1371 1149 significans.

165 1153 234 1215 quo
258 1139 417 1221 salmulus
443 1155 521 1211 tuus
546 1158 664 1215 sancto
690 1150 867 1216 uisibiliter
892 1162 943 1217 est
966 1152 1147 1218 informan-
1184 1151 1253 1237 [rot
1280 1166 1371 1234 153v.

163 1223 228 1286 dus
261 1232 434 1312 proposito
463 1234 627 1318 propitius
661 1236 841 1302 benedicas
860 1287 868 1302 .
886 1249 921 1305 et
955 1241 1161 1306 monasticae
1204 1239 1373 1322 religionis

165 1306 318 1410 herbitum
348 1338 449 1401 quern
479 1331 514 1385 te
540 1322 722 1407 inspirante
754 1327 960 1409 susceperit.
977 1337 1011 1392 te
1041 1336 1239 1411 protegente
1261 1336 1371 1392 custo·

165 1396 239 1463 drat
253 1448 261 1463 .
277 1422 338 1485 per
360 1406 545 1475 dominum.

168 1651 341 1775 ADesto
371 1658 507 1724 domine
537 1659 838 1762 supplicationibus
868 1662 992 1727 nostris
1027 1672 1061 1727 et
1091 1661 1180 1727 hunc
1207 1661 1371 1727 famulum

274 1751 370 1807 tuum
386 1794 394 1811 .
410 1744 444 1808 N
460 1790 469 1807 .
484 1747 682 1829 benedicere
699 1749 838 1832 dignare
855 1797 863 1814 .
879 1750 932 1815 cui
955 1750 989 1813 in
1014 1759 1074 1815 tuo
1094 1758 1213 1814 sancto
1233 1750 1371 1813 nomine

167 1827 320 1893 habitum
343 1852 457 1897 sacrae
479 1833 649 1919 religionis
671 1836 890 1920 inponimus.
907 1845 946 1903 ut
967 1845 1002 1902 te
1024 1837 1188 1919 largiente
1210 1845 1245 1902 et
1268 1837 1371 1900 deuo·

166 1924 221 2066 tup
254 1915 287 1978 in
324 1922 527 1986 monasterio
566 1923 764 2005 persistere.
781 1932 815 1989 et
853 1924 960 1988 uitam
997 1924 1167 2007 percipere
1204 1934 1371 1988 mereatur

166 2021 206 2065 ae
222 2022 336 2067 ernam
353 2055 360 2069 .
376 2027 442 2089 per.

168 2243 378 2387 [D]Eusl
411 2250 469 2333 qui
501 2251 770 2316 renuntiantibus
808 2251 923 2329 seculo
959 2251 1167 2316 mansionem
1202 2269 1300 2332 paras
1338 2249 1371 2310 in

328 2336 442 2401 caelo.
461 2338 566 2403 dilata
588 2338 686 2403 huius
709 2338 825 2403 famuli
848 2339 898 2403 tui
919 2338 1150 2403 habitaculum
1173 2335 1320 2401 mentis.
1337 2344 1371 2398 et

168 2422 260 2507 reple
283 2424 418 2489 caelesti
443 2425 610 2489 desiderio
626 2477 632 2490 .
648 2437 687 2490 ut
713 2426 859 2491 fraterna
881 2435 1035 2491 teneatur
1059 2425 1260 2508 compagine
1286 2422 1373 2485 kari-

166 2512 270 2575 tatis.
287 2522 445 2596 precepta
472 2513 607 2595 regulae
629 2515 820 2579 custodiat.
836 2514 967 2577 sobrius
991 2511 1139 2595 simplex
1161 2523 1197 2575 et
1219 2510 1371 2594 quietus.

167 2599 270 2682 gratis
300 2598 363 2663 sibi
393 2600 537 2682 gratiam
568 2602 684 2665 datam
721 2610 837 2666 noscat
853 2651 860 2667 .
876 2601 1058 2665 concordet
1088 2600 1159 2665 eius
1190 2597 1262 2663 uita
1293 2616 1369 2675 cum

167 2688 325 2751 nomine.
345 2686 508 2770 professio
531 2689 697 2754 sentiatur
718 2690 752 2753 in
777 2709 901 2776 opere.
918 2709 978 2773 per
1000 2687 1186 2752 dominum.

215 2957 246 3019 T
243 2977 305 3020 uuc
329 2955 488 3021 exuatur²
514 2958 713 3023 rrmtirueutis
740 2959 858 3041 quibus
886 2959 1058 3022 utebatur.
1074 2964 1106 3019 et
1131 2965 1264 3038 aspersa
1285 2975 1374 3036 aqua

165 3045 446 3194 ffperdfm‘llam
472 3054 569 3128 atque
598 3045 706 3131 [super
740 3047 868 3130 iusum.
887 3043 1115 3125 Iuduuturqtu
1141 3042 1190 3106 ita
1213 3040 1282 3124 [tol.
1303 3057 1372 3122 154.

192 3150 256 3194 rceu
301 3180 309 3196 .

170 3273 338 3399 ACcipe
368 3285 497 3340 uestem
514 3325 523 3340 .
540 3275 641 3339 indue
681 3275 870 3340 sanctitatis
906 3276 1085 3338 decorem.
1102 3292 1220 3337 ornare
1254 3272 1372 3335 habitu

282 3361 372 3427 beati
388 3363 553 3426 benedicti
576 3362 707 3426 abbatis
724 3411 732 3426 .
749 3381 826 3425 cum
849 3362 971 3425 timore
993 3369 1027 3424 et
1047 3360 1257 3425 reuerentia.
1272 3379 1371 3442 quern

168 3451 411 3514 interueniente
425 3450 525 3514 beata
548 3450 602 3513 dei
618 3450 777 3532 genitrice
798 3469 998 3532 semperque
1018 3448 1148 3530 uirgine
1163 3447 1285 3511 maria.
1297 3466 1374 3510 cum

169 3538 334 3601 bonorum
357 3537 570 3601 obseruantia
588 3557 728 3619 operum
750 3536 859 3617 ignito
888 3535 1053 3600 castitatis
1077 3535 1235 3618 lampade
1252 3532 1375 3612 ,sufful-

168 3635 223 3688 tus
240 3673 249 3690 .
266 3624 506 3688 inmaculatum
537 3634 616 3687 ante
645 3623 791 3689 tribunal
822 3623 936 3687 christi
967 3621 1134 3706 perferas.
1153 3620 1236 3687 Cum
1264 3628 1374 3684 autem

170 3711 323 3776 induitur
344 3719 485 3775 canatur
506 3711 683 3793 antiphona
713 3710 809 3774 Beati
839 3710 932 3775 eritis
949 3757 957 3775 .
974 3709 1163 3774 finetenus.
1179 3729 1241 3790 quo
1262 3707 1376 3771 induto

167 3811 263 3882 semer
276 3809 371 3882 caput
381 3799 533 3884 fratris.
550 3799 704 3882 capitium
719 3798 840 3878 cucrtlle
851 3797 1121 3880 superinducatur
1141 3805 1381 3877 sequanturque

167 3887 228 3950 liae
253 3886 418 3950 orationes.

171 4057 487 4187 CLementissime
503 4058 696 4123 dominator
712 4057 868 4124 domine.
882 4065 977 4121 tuam
998 4057 1193 4123 inuocamus
1216 4054 1377 4138 pietatem

273 4164 373 4228 super
387 4145 476 4210 hunc
492 4145 654 4210 famulum
670 4157 766 4214 tuum
784 4193 792 4210 .
810 4145 843 4208 Ν
860 4193 868 4209 .
885 4164 985 4228 quem
1000 4164 1022 4206 a
1042 4142 1156 4207 seculo
1177 4158 1376 4206 conuersum

171 4233 205 4294 in
221 4252 361 4296 numero
383 4243 575 4298 sanctorum
595 4243 730 4297 tuorum
754 4232 915 4296 accersire
936 4232 1096 4314 dignatus
1120 4251 1156 4295 es
1172 4279 1180 4294 .
1196 4246 1377 4313 quesumus

171 4331 208 4382 ut
238 4321 465 4383 conuersionis
490 4340 572 4384 suae
598 4319 700 4384 fidem
722 4321 825 4403 digne
848 4320 1018 4383 custodiat
1035 4366 1043 4383 .
1060 4327 1095 4381 et
1125 4315 1285 4400 quicquid
1316 4332 1377 4396 pro

248 4468 329 4519 ¹The
340 4466 422 4519 initiat
432 4466 478 4517 has
488 4451 553 4518 been
565 4467 670 4518 omitted
681 4468 715 4530 by
726 4467 769 4516 the
779 4466 927 4516 rubricator.
1086 4489 1087 4493 =

246 4533 256 4560 ²
275 4534 332 4585 MS.
346 4533 481 4598 originally
491 4535 630 4593 exurebatur,
643 4532 688 4582 but
700 4531 743 4584 the
753 4531 907 4596 superfluous
917 4532 1002 4581 letters
1012 4530 1078 4579 have
1084 4531 1151 4580 been
1162 4530 1302 4595 expunged.
