3375 5250
508 419 827 469 BENEDICTIONES
845 418 1105 470 EPISCOPALES.
1382 429 1413 484 35

247 581 293 647 Et
317 582 374 665 qui
398 581 428 645 ei
456 583 738 664 perseuerantiam
763 580 841 646 fidei
865 582 1158 668 constantiamque
1188 584 1222 646 in
1253 603 1409 668 persecu·

200 668 349 733 tionibus
366 669 584 733 inflexibilem
597 670 677 735 dare
688 669 848 751 dignatus
863 680 932 734 est.
946 670 1096 737 eiusdem
1112 670 1413 736 interuentionibus

202 765 349 820 uestram
366 755 593 820 infirmitatem
609 757 707 821 donis
731 756 959 839 spiritualibus
979 758 1134 822 roborare
1157 768 1259 842 atque
1280 759 1411 823 munire

201 843 365 924 dignetur.
411 843 528 909 Amen.

248 930 348 1014 Quod
373 931 444 1014 ipse
466 940 615 1014 prestare
638 933 801 1016 dignetur.

204 1265 351 1330 Ounno
380 1281 432 1330 An
472 1281 670 1332 cannatas
705 1279 1083 1331 uenumcnunns.1n
1113 1281 1412 1332 Pummcnnone

628 1354 808 1419 Snucrna
831 1353 998 1418 Mamas.

208 1517 396 1644 DOmine
426 1519 520 1582 ihesu
550 1519 672 1582 christe
694 1528 825 1583 creator
847 1517 930 1583 caeli
953 1527 986 1584 et
1009 1527 1115 1582 terrae
1130 1567 1137 1582 .
1154 1538 1215 1581 rex
1238 1537 1354 1601 regum
1378 1528 1413 1582 et

315 1606 471 1669 dominus
506 1605 752 1670 dominantium
770 1655 778 1671 .
795 1605 921 1669 exaudi
960 1625 1021 1670 nos
1069 1606 1226 1687 indignos
1265 1604 1410 1671 famulos

205 1699 282 1754 tuos
311 1691 496 1756 clamantes
523 1701 557 1756 et
584 1704 718 1757 orantes
741 1694 785 1757 ad
809 1704 843 1757 te
860 1741 868 1758 .
886 1713 1061 1776 precamur
1082 1702 1116 1756 te
1139 1693 1276 1756 domine
1306 1693 1413 1757 omni·

205 1787 325 1857 potens
356 1789 490 1844 aeterne
521 1782 604 1844 deus
643 1781 700 1861 qui
735 1781 850 1843 omnia
884 1799 928 1842 ex
960 1779 1066 1842 nihilo
1097 1780 1283 1844 creasti.et
1320 1781 1412 1844 iussu

205 1876 264 1928 tuo
280 1867 400 1950 olpere
416 1886 517 1949 apum
534 1867 621 1930 hanc
643 1887 752 1930 ceram
773 1867 826 1931 uel
842 1867 932 1930 hunc
946 1867 1110 1950 liquorem
1134 1867 1247 1930 uenire
1272 1863 1344 1953 [fol.
1360 1870 1412 1946 48.

205 1952 312 2016 fecisti
329 2003 335 2016 .
352 1955 458 2036 etqui
482 1953 645 2019 hodierna
661 1954 715 2018 die
738 1955 935 2036 petitionem
960 1953 1038 2017 iusti
1061 1953 1221 2016 simeonis
1244 1954 1413 2036 implesti.

205 2048 239 2101 te
254 2041 425 2104 humiliter
440 2042 680 2124 deprecamur.
698 2052 736 2104 ut
750 2042 812 2104 has
828 2043 986 2105 candelas
1001 2042 1044 2105 ad
1061 2060 1158 2105 usum
1181 2040 1355 2103 hominum
1380 2050 1415 2106 et

205 2128 393 2191 animarum
412 2179 417 2191 .
435 2128 507 2192 siue
545 2129 578 2191 in
620 2137 730 2192 terra.
748 2129 819 2192 siue
858 2129 891 2190 in
930 2128 1026 2210 aquis
1043 2175 1052 2194 .
1069 2148 1129 2210 per
1166 2128 1414 2192 inuocationem

205 2215 408 2277 sanctissimi
433 2217 482 2278 tui
508 2215 677 2292 nominis.
694 2225 728 2278 et
750 2235 810 2297 per
833 2216 1106 2279 intercessionem
1130 2224 1266 2278 sanctae
1289 2217 1415 2279 mariae

203 2302 372 2382 genitricis
394 2313 451 2379 tue
466 2303 560 2371 cuius
583 2303 684 2366 hodie
699 2301 785 2366 festa
800 2302 942 2366 colimus
958 2349 966 2365 .
983 2322 1108 2386 perque
1128 2321 1244 2384 preces
1261 2302 1411 2365 omnium

204 2399 395 2452 sanctorum
414 2437 422 2452 .
439 2391 636 2454 benedicere
661 2399 695 2452 et
718 2389 927 2453 sanctificare
949 2389 1119 2470 digneris.
1138 2398 1175 2452 ut
1198 2390 1307 2452 omnis
1331 2389 1414 2451 haec

206 2474 301 2556 plebs
332 2487 391 2539 tua
415 2475 488 2539 illas
511 2475 694 2540 honorilice
718 2477 751 2539 in
776 2477 931 2539 manibus
954 2473 1099 2558 portan¹
1122 2478 1292 2539 cantando
1316 2485 1416 2558 teque

205 2563 398 2628 laudando.
415 2574 453 2627 tu
476 2563 640 2628 exaudias
663 2583 764 2628 uoces
787 2564 875 2628 illius
898 2565 942 2629 de
964 2564 1058 2628 caelo
1081 2573 1198 2628 sancto
1220 2574 1280 2626 tuo
1298 2610 1306 2628 .
1323 2572 1357 2628 et
1372 2565 1416 2627 de

206 2652 286 2714 sede
302 2651 486 2716 maiestatis
509 2662 588 2715 tuae
604 2700 611 2715 .
629 2652 859 2734 propitiusque
877 2652 922 2714 sis
946 2652 1103 2714 omnibus
1125 2650 1349 2714 clamantibus
1372 2651 1415 2713 ad

205 2747 241 2800 te
252 2788 259 2801 .
272 2759 357 2820 quos
374 2739 545 2802 redemisti
561 2740 670 2822 pretio
685 2740 859 2822 sanguinis
874 2739 923 2802 tui
937 2740 1011 2821 .qui
1035 2759 1111 2802 cum
1127 2746 1223 2819 patre
1246 2749 1280 2801 et
1299 2738 1415 2820 spiritu

205 2835 322 2888 sancto
338 2875 345 2888 .
364 2827 449 2888 uiuis
473 2837 506 2888 et
531 2846 651 2908 regnas
668 2877 675 2890 .
692 2845 751 2907 per
769 2827 884 2890 omnia
907 2826 1020 2889 secula
1038 2824 1256 2889 saeculorum.
1303 2844 1414 2888 amen.

205 3137 459 3221 [Banamcmo
484 3148 526 3198 ru
552 3148 849 3199 Pun1r1cnr10us
874 3134 1027 3217 Sancta
1043 3134 1228 3225 Mnnmqt.
1253 3136 1323 3219 [sol.
1340 3139 1415 3215 48v.

1199 3272 1206 3307 l

208 3311 474 3441 OMnipotens
512 3312 596 3375 deus
628 3310 684 3391 qui
725 3310 935 3392 unigenitum
970 3331 1069 3374 suum
1099 3310 1263 3375 hodierna
1295 3312 1349 3374 die
1380 3314 1413 3375 in

320 3408 494 3479 assumpta
509 3417 607 3459 carne
623 3398 657 3459 in
669 3397 797 3479 templo
813 3398 920 3460 uoluit
936 3398 1159 3480 praesentari.
1171 3397 1414 3463 benedictionis

206 3504 288 3548 suae
305 3505 365 3547 uos
381 3504 518 3559 munere
534 3483 635 3547 fultos
648 3483 762 3548 ‚bonis
779 3485 935 3566 operibus
951 3484 1052 3549 saciat
1068 3486 1229 3549 exornari.
1273 3486 1393 3553 Amen.

253 3571 388 3655 Quique
414 3590 490 3634 eum
530 3581 567 3635 ut
602 3571 712 3652 legem
743 3571 966 3653 adimpleret.
985 3572 1172 3636 ministrum
1197 3571 1304 3636 uoluit
1330 3576 1415 3638 effici

208 3658 461 3742 legis.mentes
497 3667 625 3721 uestras
661 3658 805 3721 instruat
842 3659 925 3741 legis
961 3677 1041 3721 suae
1073 3659 1277 3741 spiritalibus
1314 3661 1414 3724 docu-

206 3746 339 3809 mentis.
382 3745 501 3809 Amen.

252 3832 330 3915 Quo
356 3830 411 3896 et2
430 3853 491 3915 pro
511 3831 695 3896 turturibus
718 3852 856 3896 munera
875 3832 1039 3895 castitatis
1057 3831 1174 3896 offerre
1198 3832 1362 3899 ualeatis.
1380 3845 1413 3898 et

208 3940 269 4002 pro
284 3919 384 4001 pullis
400 3919 630 3983 columbarum
648 3920 783 4001 spiritus
800 3922 908 3983 sancti
926 3920 1023 3982 donis
1039 3920 1240 3984 exuberetis.
1285 3921 1403 3985 Amen.

252 4006 352 4090 Quod
384 4008 457 4088 ipse
488 4015 635 4087 prestare
659 4008 840 4088 dignetur.
858 4007 952 4070 cuius
978 4026 1117 4089 regnum
1145 4017 1179 4072 et
1206 4007 1411 4091 imperium.

202 4092 277 4157 sine
300 4091 366 4156 fine
389 4102 572 4175 permanet.

252 4180 446 4245 Benedictio
472 4182 527 4243 dei
554 4181 682 4263 patris.
700 4189 734 4244 et
760 4179 830 4245 filii.

241 4390 249 4419 ¹
267 4390 292 4439 A
304 4390 411 4453 syllable
422 4390 468 4439 has
479 4391 544 4440 been
555 4390 642 4440 erased
653 4390 712 4439 here
722 4407 730 4450 ς
746 4390 872 4454 probably
877 4395 1004 4454 portantes
1014 4405 1066 4441 was
1077 4391 1121 4441 the
1133 4389 1241 4456 original
1253 4392 1366 4456 reading.
1376 4393 1414 4441 ior

205 4455 574 4572 wbicgtthheascqrrepptpparsneqiant
584 4464 611 4507 to
623 4456 757 4506 substitute
763 4457 895 4520 portando.

1218 4604 1287 4651 D2
