3375 5250
501 380 820 432 BENEDICTIONES
839 379 1099 430 EPISCOPALES.
1379 385 1408 437 17

193 537 310 621 populi
345 541 532 624 propitius.
549 552 586 607 ut
617 544 695 608 hinc
726 544 769 608 ad
799 553 834 608 te
862 552 1129 627 recuperatorem
1160 560 1258 605 suum
1289 559 1407 604 sensus

195 645 329 708 semper
350 628 485 693 attollat
511 630 679 696 intuitum.
723 631 845 696 Amen.

239 713 289 776 Te
312 726 494 798 cognoscat
509 766 517 782 .
532 737 570 782 se
599 718 767 800 corrigat.
790 727 824 782 te
857 718 1032 802 predicet.
1050 739 1086 781 se
1112 717 1353 781 commendet.
1371 724 1406 780 te

196 800 287 864 colat
302 851 309 864 .
325 822 362 865 se
378 803 508 868 muniat
523 854 529 868 .
543 815 578 868 te
594 805 734 887 diligat.
754 825 790 869 se
806 814 969 889 preparet.
1016 805 1133 869 Amen.

239 885 292 950 Tu
308 891 354 952 sis
380 892 667 968 circumstantium
691 893 763 956 sine
786 894 1033 958 intermissione
1056 889 1205 955 defensio
1224 940 1232 957 .
1249 890 1313 973 ipsi
1337 889 1406 953 sint

193 973 266 1037 sine
281 975 387 1042 hostis
402 977 577 1041 inuasione
593 988 652 1042 tua
667 981 846 1063 possessio.
892 979 1011 1046 Amen.

239 1059 290 1125 Ut
318 1066 362 1130 ad
395 1064 514 1128 beatae
545 1065 635 1129 uitae
661 1067 785 1149 gaudia
820 1067 1038 1131 festinantes.
1055 1067 1112 1150 qui
1145 1064 1282 1130 salutari
1313 1063 1406 1128 fonte

192 1149 299 1299 {gnati
320 1162 399 1215 sunt
415 1199 422 1214 .
437 1153 564 1233 peccati
593 1153 759 1217 maculam
791 1175 858 1218 non
882 1164 1037 1236 repetant
1068 1153 1222 1237 originali
1250 1170 1404 1216 excessu.

231 1255 313 1302 men.

239 1321 340 1404 Quod
364 1325 434 1407 ipse
457 1336 605 1408 prestare
628 1327 794 1411 dignetur.

641 1591 760 1654 FERIA
783 1603 967 1655 SECUNDA.

199 1740 334 1865 DEus
353 1741 411 1824 qui
433 1762 493 1822 pro
521 1741 616 1804 uobis
641 1741 788 1824 suscepit
815 1741 969 1804 iniuriam
985 1739 1091 1804 crucis
1107 1787 1114 1802 .
1132 1737 1239 1803 letitia
1266 1759 1326 1802 uos
1355 1740 1404 1802 in·

306 1839 410 1893 nouet
434 1849 514 1892 suae
539 1827 801 1893 resurrectionis.
847 1829 967 1892 Amen.

239 1914 284 1978 Et
311 1917 368 1997 qui
394 1917 555 1998 pendenti
583 1935 695 1979 secum
724 1916 757 1979 in
788 1934 886 1978 cruce
910 1914 1032 1978 latroni
1057 1911 1210 1994 lamisit¹
1235 1909 1309 1999 [fol.
1328 1928 1403 1995 23V.

193 2001 355 2066 delictum
375 2051 383 2066 .
402 2023 462 2066 uos
487 2003 599 2066 soluat
624 2024 645 2066 a
672 2002 802 2066 cunctis
826 2002 972 2065 nexibus
996 2008 1218 2083 peccatorum.
1263 2001 1383 2065 Amen.

239 2089 317 2171 Quo
344 2090 585 2174 redemptionis
611 2100 744 2153 uestrae
776 2091 974 2172 mysterium
998 2098 1032 2152 et
1064 2089 1166 2170 digne
1197 2089 1404 2151 conuertatis

192 2175 226 2238 in
258 2197 382 2259 opera.
399 2188 433 2242 et
467 2178 668 2260 locupletius
700 2187 835 2241 aeterna
867 2176 1082 2258 perfruamini
1121 2175 1403 2240 remuneratione.

191 2263 311 2328 Amen.

237 2350 337 2433 Quod
361 2351 431 2433 ipse
454 2361 602 2434 prestare
625 2353 793 2434 dignetur.

452 2617 601 2681 Tanna
625 2616 804 2682 Snucrnu
829 2616 978 2681 Pascua
1011 2617 1140 2684 Fama,

262 2766 332 2829 Eus
363 2768 420 2849 qui
445 2787 505 2829 uos
537 2766 620 2829 lauit
644 2767 739 2849 aquis
771 2767 821 2829 sui
846 2767 1032 2830 lateris.et
1063 2768 1205 2830 redemit
1239 2767 1403 2831 effusione

306 2856 432 2917 cruoris
450 2901 459 2917 .
477 2854 548 2933 ipse
585 2854 618 2916 in
669 2853 766 2918 uobis
798 2853 975 2917 confirmet
1014 2856 1157 2937 gratiam
1193 2856 1317 2936 adepte
1352 2875 1401 2917 re-

189 2942 403 3023 demptionis.
448 2942 565 3004 Amen.

236 3028 299 3091 Per
335 3048 435 3110 quem
475 3028 581 3090 renati
615 3027 695 3091 estis
733 3048 821 3110 aqua
859 3039 893 3092 et
931 3028 1049 3110 spiritu
1073 3038 1193 3093 sancto
1211 3077 1219 3093 .
1236 3029 1308 3111 ipse
1340 3049 1401 3092 uos

192 3115 329 3179 caelesti
356 3117 525 3179 consociet
550 3136 660 3197 regno.
707 3116 822 3178 Amen.

236 3200 371 3285 Quique
404 3202 497 3267 dedit
528 3204 624 3265 uobis
669 3203 763 3265 initia
795 3212 931 3266 sanctae
962 3201 1039 3265 fidei
1058 3203 1153 3285 ‚ipse
1188 3204 1337 3266 conferat
1368 3213 1402 3265 et

188 3290 431 3370 perfectionem
456 3290 584 3373 operis.
599 3300 633 3353 et
660 3289 904 3372 plenitudinem
932 3289 1095 3354 karitatis.
1140 3292 1257 3354 Amen.

236 3376 337 3459 Quod
360 3377 433 3460 ipse
456 3385 604 3459 prestare
628 3377 793 3458 dignetur.

629 3644 795 3727 Qunam
819 3642 949 3707 Funis.

262 3782 405 3849 Ominus
437 3781 519 3844 deus
551 3788 665 3842 noster
694 3800 755 3842 uos
780 3778 943 3862 perducat
966 3780 1009 3843 ad
1034 3778 1187 3843 arborem
1210 3779 1398 3862 uitae.qui

305 3869 390 3933 eruit
414 3868 456 3932 de
477 3866 564 3952 [lacu
592 3868 752 3931 miseriae.
797 3868 915 3931 Amen.
1263 3865 1330 3949 [fol.
1348 3883 1398 3947 24.

237 3958 315 4040 Ipse
345 3955 441 4019 uobis
472 3956 601 4036 aperiat
638 3955 773 4016 ianuam
805 3954 987 4036 paradysi.
1004 3954 1061 4036 qui
1094 3952 1258 4036 confregit
1282 3965 1398 4036 portas

190 4043 321 4107 inferni.
365 4043 482 4106 Amen.

194 4133 198 4137 ’
237 4132 314 4214 Ipse
336 4150 397 4192 uos
416 4136 510 4192 eruat
526 4149 546 4191 a
562 4127 695 4211 flagello
711 4179 717 4192 .
735 4139 770 4193 et
793 4128 826 4191 in
849 4147 989 4210 regnum
1005 4147 1103 4192 suum
1119 4130 1280 4212 perducat
1297 4128 1396 4192 confi·

186 4220 332 4282 dentes.
350 4218 406 4299 qui
431 4216 502 4299 pati
528 4217 684 4297 dignatus
712 4225 764 4279 est
787 4236 849 4298 pro
875 4216 986 4299 impiis
1011 4216 1180 4280 innocens.
1224 4216 1342 4280 Amen.

235 4305 336 4388 Quod
359 4306 431 4386 ipse
454 4312 602 4386 prestare
625 4304 789 4383 dignetur.

745 4492 753 4521 ¹
773 4493 815 4555 leg.
832 4491 935 4542 remisit.

234 4574 394 4626 ROBERT.
