3375 5250
612 415 930 466 BENEDICTIONES
948 414 1207 465 EPISCOPALES

399 657 637 725 Bausmcmo
660 673 702 724 m
728 672 882 722 NATALE
905 671 1164 724 Pnummnnuu
1190 672 1400 724 ultumum,

302 826 567 956 OMnipotens
590 829 747 893 dominus
771 829 1056 892 intercedentibus
1082 831 1208 893 sanctis
1233 831 1418 912 uirginibus
1442 832 1511 894 suis

414 938 475 981 uos
512 919 669 1000 dignetur
706 916 927 979 benedicere.
944 916 1001 999 qui
1039 917 1083 980 de
1123 918 1263 999 antiquo
1304 917 1403 981 hoste
1440 938 1507 981 non

302 1006 412 1072 solum
435 1026 495 1089 per
521 1007 611 1068 uiros
634 1024 752 1068 uerum
779 1003 883 1067 etiarn
908 1023 969 1085 per
992 1002 1134 1067 seminas
1160 1005 1268 1068 uoluit
1290 1005 1510 1087 triumphare.

301 1095 418 1158 Amen.
1469 1158 1473 1163 ,

348 1182 394 1245 Et
423 1179 480 1262 qui
511 1178 576 1242 illis
608 1178 716 1243 uoluit
750 1176 925 1240 centesimi
962 1177 1090 1240 fructus
1124 1179 1252 1241 donum
1285 1178 1509 1262 decoremque

304 1266 504 1350 uirginitatis
541 1276 575 1331 et
613 1284 757 1347 agonem
796 1264 946 1344 martyrii
985 1264 1157 1328 conferre.
1174 1286 1236 1328 uos
1279 1266 1438 1348 dignetur
1474 1281 1509 1331 et

303 1356 460 1420 uitiorum
491 1353 701 1436 squaloribus
731 1370 944 1433 expurgare.
960 1359 995 1414 et
1025 1353 1189 1415 uirtutum
1212 1350 1311 1435 llam·
1343 1351 1414 1434 [sol.
1431 1353 1508 1433 65v.

303 1443 447 1526 padibus
471 1459 642 1504 exornare.
686 1439 806 1502 Amen.

348 1529 517 1613 Quatinus
533 1529 695 1590 uirtutum
711 1525 786 1588 oleo
809 1528 857 1589 ita
876 1525 1109 1608 peccatorumt
1125 1536 1311 1589 uestrorum
1334 1526 1509 1608 lampades

304 1617 433 1700 possint
455 1614 639 1696 repleri.ut
661 1634 738 1677 cum
760 1613 809 1675 eis
835 1613 988 1677 caelestis
1014 1612 1129 1694 sponsi
1154 1612 1340 1676 thalamum
1367 1615 1512 1676 ualeatis

304 1703 441 1786 ingredi.
485 1702 605 1765 Amen.

347 1789 450 1873 Quod
472 1790 545 1872 ipse
567 1798 715 1870 prestare
737 1787 902 1871 dignetur.

370 2081 609 2148 BENEDICTIO
635 2083 845 2147 DOMINICIS
869 2095 1005 2147 DIEBUS
1030 2096 1101 2145 PER
1124 2095 1223 2145 ANNI
1246 2093 1458 2146 CIRCULUM.

369 2265 534 2329 Enedicat
564 2285 625 2328 uos
655 2263 808 2327 trinitas.
826 2261 941 2326 diuina
969 2263 1150 2328 maiestas.
1164 2271 1326 2344 pater.et
1356 2264 1512 2330 filiuS.et

411 2353 546 2435 spiritus
572 2362 778 2415 sanctus.et
804 2350 954 2415 dimittat
981 2351 1076 2414 uobis
1100 2351 1215 2413 omnia
1245 2371 1332 2433 quae
1358 2353 1514 2435 nequiter

307 2441 467 2525 gessistis.
513 2439 629 2502 Amen.

351 2529 434 2592 Dies
461 2526 721 2589 examinationis
747 2525 832 2588 tales
857 2545 918 2588 uos
944 2524 1115 2587 inueniat.
1132 2523 1249 2605 quales
1276 2523 1350 2586 fons
1373 2544 1510 2606 regene-

308 2616 446 2681 rationis
470 2623 602 2697 purgat.
645 2612 761 2676 Amen.

243 2698 247 2707 ’
350 2703 476 2787 Quales
506 2700 558 2777 te†
587 2702 670 2763 deus
701 2720 736 2763 se
766 2698 945 2763 humiliant
961 2745 969 2762 .
984 2708 1018 2761 et
1054 2708 1203 2761 nostram
1238 2697 1507 2763 benedictionem

305 2792 518 2855 desiderant.
535 2799 629 2852 tuam
662 2787 922 2849 misericordiam
953 2805 1086 2866 semper
1114 2794 1150 2847 et
1175 2784 1300 2867 ubique
1326 2785 1511 2850 inueniant.

303 2879 421 3027 milich·
438 2983 499 3025 uos
525 2960 703 3025 benedicat
732 2969 767 3023 et
795 2957 991 3024 custodiat.
1008 2968 1165 3043 protegat
1196 2968 1299 3042 atque
1323 2958 1510 3026 defendat.

304 3054 442 3134 ipseque
472 3059 606 3112 tueatur
636 3068 697 3110 uos
728 3047 771 3109 de
801 3048 925 3112 caelis.
942 3047 999 3130 qui
1031 3056 1082 3110 est
1112 3047 1306 3129 redemptor
1335 3056 1447 3111 uester
1476 3048 1509 3110 in

302 3140 408 3203 terris.
454 3136 571 3200 Amen.
1489 3160 1492 3162 >

348 3226 410 3289 Ille
440 3243 580 3304 corpora
617 3232 652 3286 et
689 3220 820 3284 animas
851 3229 980 3285 uestras
1018 3220 1167 3286 uiuificet
1182 3271 1189 3284 .
1206 3230 1240 3285 et
1271 3222 1313 3283 ad
1353 3220 1512 3286 caelestia

301 3333 406 3396 regna
428 3312 599 3393 perducat.
644 3309 765 3374 Amen.

344 3398 461 3484 sQuod
482 3397 554 3479 ipse
577 3407 728 3480 prestare
752 3395 919 3479 dignetur.
1370 3393 1439 3476 [fol.
1455 3396 1511 3459 66.

480 3687 576 3750 ITEM
601 3699 692 3750 Ama
715 3700 947 3752 nauumculo
972 3687 1182 3751 Domutcrs
1206 3702 1354 3753 manus

373 3867 443 3929 Eus
470 3867 583 3930 lumen
609 3888 724 3930 uerum
750 3869 807 3951 qui
833 3869 943 3951 prima
968 3869 1023 3932 die
1049 3870 1218 3933 nascentis
1242 3870 1358 3933 mundi
1380 3870 1510 3934 caelum

416 3962 607 4036 terramque
643 3954 713 4017 fieri
752 3956 971 4019 uoluisti.da
1012 3956 1146 4038 populis
1185 3958 1251 4020 tuis
1288 3967 1322 4021 te
1359 3958 1510 4022 omnium

304 4042 442 4123 diligere
469 4061 578 4104 rerum
606 4043 968 4124 auctorem.quatinus
996 4044 1131 4105 caelesti
1158 4046 1239 4107 sede
1262 4043 1356 4125 digni
1383 4045 1508 4108 habiti.

303 4143 338 4191 te
361 4128 482 4210 iugiter
506 4130 538 4190 in
562 4148 598 4190 se
622 4127 774 4192 habitare
798 4140 995 4211 agnoscant.
1040 4130 1160 4193 Amen.

348 4215 399 4280 Ut
427 4213 598 4295 dispecto†
628 4226 833 4280 terrenarum
858 4217 1012 4298 appetitu
1043 4218 1191 4280 sordium
1219 4218 1304 4281 tales
1331 4238 1366 4281 se
1390 4219 1512 4301 iugiter

303 4314 382 4366 tuae
408 4302 576 4365 maiestati
604 4315 904 4384 representent.ut
926 4304 960 4366 in
989 4304 1036 4366 eis
1061 4304 1209 4385 digneris
1240 4316 1318 4369 tuae
1348 4304 1512 4369 bonitatis

304 4390 464 4471 pietatem
491 4389 660 4452 declarare
679 4439 686 4453 .
703 4399 805 4472 atque
831 4410 908 4454 cum
933 4391 1059 4455 sanctis
1083 4392 1239 4455 omnibus
1266 4393 1355 4456 uitae
1385 4393 1512 4456 donare

303 4478 484 4541 coheredes
512 4487 684 4559 perpetue.
728 4477 844 4542 Amen.
