3375 5250
576 422 831 473 CONSECRATIO
853 422 1072 475 ECCLESIAE.
1395 426 1428 491 85

214 579 359 643 nominis
389 582 440 645 sui
470 582 527 664 pio
556 584 752 648 dedicamus
783 583 892 648 officio
921 584 1089 667 presentia
1127 606 1186 663 sue
1221 584 1424 649 uisitationis

214 667 385 819 inluspirett.
395 670 712 839 etpppnctificatione
730 671 909 734 benedicat
925 720 932 735 .
949 681 983 735 et
999 683 1161 754 perpetua
1177 673 1424 736 inhabitatione

214 773 304 833 poss1
330 775 370 817 ea
401 805 407 819 .
485 805 492 821 .

256 954 372 1018 Finita
409 958 552 1021 aratione
588 957 701 1021 mittat
737 958 854 1021 itermm
888 960 990 1021 oleam
1023 959 1180 1023 similiter
1213 960 1298 1023 sant
1326 961 1427 1042 prins

212 1042 350 1105 canenda
371 1044 580 1125 antiphonam
602 1045 692 1108 nanc.

257 1176 380 1243 *Mane
407 1201 546 1262 surgens
573 1182 670 1245 iacob
697 1181 847 1263 erigebat
873 1182 1021 1264 lapidem
1051 1182 1084 1245 in
1112 1181 1248 1246 titulum
1280 1183 1425 1248 fundens

212 1265 322 1328 oleum
350 1268 493 1351 desuper
519 1278 636 1332 uotum
664 1270 758 1332 uouit
785 1269 946 1333 domino.
964 1289 1041 1333 uere
1068 1269 1161 1333 locus
1191 1271 1255 1335 iste
1285 1282 1423 1336 sanctus

212 1362 262 1415 est
285 1361 318 1415 et
342 1374 406 1436 ego
430 1356 650 1419 nesciebam*
695 1356 751 1421 Ps.
777 1356 871 1419 Deus
894 1367 1009 1421 noster
1032 1356 1205 1439 refugium.

606 1542 713 1621 Quam
735 1551 890 1623 sequntur
910 1542 1023 1605 aratio.

283 1678 351 1740 Eus
388 1679 444 1761 qui
483 1679 527 1741 ad
565 1677 820 1742 sacrificandum
861 1678 1121 1760 primogenitum
1160 1678 1222 1741 tibi
1261 1679 1421 1761 populum

324 1763 529 1828 tabernaculi
557 1766 732 1847 exemplar
757 1766 792 1827 in
819 1774 934 1829 monte
960 1785 1046 1845 syna
1073 1765 1182 1847 moysi
1206 1764 1333 1827 famulo
1363 1774 1423 1829 tuo

212 1850 362 1929 mysticis
403 1852 704 1934 significationibus
742 1853 982 1916 demonstrasti
998 1901 1005 1916 .
1021 1853 1206 1915 secundum
1246 1852 1420 1930 celestium

212 1934 353 2001 sormam
377 1941 471 2002 terris
495 1948 648 2003 sanctum
672 1940 879 2021 disponens,
896 1949 934 2003 ut
957 1940 999 2001 ad
1023 1937 1190 2020 teipsum
1214 1958 1280 2021 que
1308 1949 1421 2003 nostra

211 2022 368 2087 uidentur
404 2026 671 2090 adtraheres.et
709 2027 862 2110 supernis
905 2036 1035 2089 terrena
1078 2026 1421 2108 sociares.quatinus

210 2111 393 2176 eminentia
420 2114 579 2196 spiritalis
606 2114 683 2177 illuc
709 2116 864 2177 tenderet
892 2123 925 2176 te
948 2120 1091 2175 uocante
1119 2112 1289 2194 fastigium
1306 2160 1314 2177 .
1330 2115 1421 2177 unde

210 2207 245 2258 te
275 2199 453 2263 ordinante
479 2202 624 2281 sumpsit
652 2202 829 2264 exordium
857 2202 947 2264 hunc
975 2220 1108 2282 quoque
1139 2197 1310 2282 lapideml
1332 2201 1420 2263 salu-

210 2284 337 2348 taribus
374 2286 587 2351 celebrandi2
617 2289 858 2370 redemptionis
895 2287 1064 2369 mysteriis
1097 2296 1312 2369 preparatum
1346 2308 1419 2351 rore

210 2371 342 2435 celestis
361 2376 524 2455 unguenti
548 2386 755 2458 asperge.et
777 2375 984 2438 aromatibus
1007 2374 1121 2455 diuine
1144 2372 1419 2437 sanctificationis

210 2458 389 2537 perfunde.
405 2483 444 2524 ac
468 2483 590 2526 munus
611 2463 718 2544 gratie
745 2462 973 2526 consecrantis
995 2481 1093 2543 super
1113 2459 1231 2523 illum³
1256 2460 1419 2524 sacrificia

210 2546 568 2633 impone.digneque4
591 2550 634 2613 sit
657 2570 758 2632 supra
782 2550 872 2633 quod
897 2546 1036 2634 selectas
1059 2550 1101 2611 ad
1130 2549 1230 2610 sacri·
1256 2543 1327 2634 [sol.
1348 2562 1417 2629 105.

208 2630 319 2696 ficium
351 2646 518 2700 creaturas
549 2639 582 2701 in
614 2657 734 2719 corpus
765 2648 799 2700 et
829 2638 1028 2718 sanguinem
1059 2637 1280 2718 redemptoris
1312 2636 1418 2699 uirtus

209 2729 337 2783 secreta
366 2734 541 2788 conuertat
556 2775 563 2787 .
581 2735 615 2789 et
645 2725 678 2788 in
710 2744 820 2787 sacras
850 2724 929 2804 agni
960 2724 1088 2786 hostias
1119 2723 1276 2786 inuisibili
1308 2733 1417 2786 muta-

207 2806 299 2868 tione
332 2811 626 2875 transscribat.ut
653 2813 739 2875 sicut
773 2811 912 2874 uerbum
943 2831 1020 2874 caro
1054 2809 1180 2873 factum
1212 2819 1284 2873 est.
1302 2810 1348 2873 ita
1382 2811 1415 2872 in

207 2894 300 2956 uerbi
341 2897 551 2962 substantia⁵
588 2898 766 2962 benedicta
807 2898 987 2962 oblationis
1031 2904 1152 2960 natura
1188 2894 1364 2980 proficiat,
1382 2906 1416 2960 et

207 2982 307 3130 quodd
324 2984 414 3066 prius
442 2986 544 3048 uictui
572 2985 679 3049 fuerat
709 2986 893 3049 alimonia.
911 2985 980 3048 uita
1007 2985 1061 3048 hic
1088 2984 1250 3047 efficiatur
1276 2993 1414 3048 eterna.

204 3087 264 3148 per
310 3091 469 3136 ominum.

249 3269 375 3333 Deinde
396 3272 508 3335 initiat
527 3271 646 3334 crisma
667 3271 823 3334 similiter
843 3270 1002 3334 canenda.
1019 3270 1230 3351 antiphonam
1252 3269 1341 3333 nanc.

249 3405 364 3471 *Vidit
394 3409 490 3472 iacob
516 3409 641 3473 scalam
674 3409 851 3472 summitas
878 3409 948 3472 eius
974 3408 1064 3486 celos
1091 3407 1254 3488 tangebat
1271 3416 1326 3472 ,et
1354 3407 1411 3470 de·

204 3494 401 3558 scendentes
436 3497 574 3578 angelos
616 3507 650 3559 et
691 3496 780 3559 dixit
818 3516 896 3559 uere
934 3496 1028 3559 locus
1065 3496 1129 3558 iste
1158 3502 1295 3557 sanctus
1325 3495 1409 3558 est*

203 3578 260 3642 Ps.
286 3579 528 3647 Fundamenta.
1022 3592 1024 3597 ’

607 3759 698 3838 Quas
718 3766 873 3839 sequatur
895 3758 1008 3822 aratia.

207 3889 416 4019 singulare
440 3894 522 3958 illud
546 3893 850 3977 repropitiatorium
874 3891 964 3974 qu0⁶
986 3913 1023 3955 se
1046 3893 1079 3954 in
1103 3911 1161 3954 ara
1184 3890 1289 3953 crucis
1312 3889 1410 3954 nobis

301 3982 504 4045 redimendis
549 3981 671 4063 optulit
716 3978 984 4043 immolandum.
1007 3979 1101 4042 cuius
1149 3976 1409 4061 prefiguratione

203 4068 390 4146 patriarcha
413 4069 510 4132 iacob
533 4069 679 4151 lapidem
703 4068 811 4131 erexit
839 4067 871 4129 in
899 4067 1035 4130 titulum
1067 4085 1134 4147 quo
1165 4064 1258 4126 fieret
1287 4065 1409 4128 sacrifi-

202 4154 290 4217 cium
307 4165 340 4218 et
364 4165 460 4238 porta
477 4155 539 4233 celi
560 4158 704 4237 desuper
724 4155 907 4237 aperiretur
927 4153 1099 4216 oraculum
1113 4151 1326 4233 ,suppliciter
1346 4152 1407 4215 tibi

201 4243 338 4305 domine
360 4263 475 4324 preces
498 4242 685 4306 fundimus,
699 4251 736 4305 ut
760 4241 886 4305 metalli
909 4241 1008 4304 huius
1027 4238 1213 4320 expolitam
1234 4240 1407 4303 materiem

266 4389 274 4418 ¹
292 4390 335 4438 hoc
351 4392 431 4440 altam
445 4391 528 4440 added
545 4393 625 4440 above
642 4390 702 4440 line.
859 4388 869 4415 ²
887 4389 1014 4452 Probably
1029 4389 1069 4438 ior
1084 4387 1226 4438 celebrande.

267 4455 276 4482 ³
293 4457 359 4504 illud
373 4457 456 4506 added
473 4458 553 4505 above
569 4457 627 4505 line.
859 4455 869 4481 ⁴
885 4456 930 4517 leg.
949 4455 1111 4518 dignumque.

266 4519 276 4546 ⁵
295 4522 422 4585 Probably
439 4522 478 4571 for
494 4522 665 4570 substantiam.
860 4519 870 4545 ⁶
886 4520 944 4568 The
959 4536 1030 4570 more
1047 4518 1118 4568 usual
1135 4517 1240 4582 reading
1256 4515 1277 4566 is
1293 4517 1365 4582 quod.
