3375 5250
576 423 897 474 BENEDICTIONES
915 423 1177 474 EPISCOPALES.

459 697 504 760 Iu
529 709 681 761 NATALE
705 697 884 764 Snucrnn
910 699 1099 763 Acarnan
1123 711 1308 763 umorum.

279 854 521 986 [SAnctifica
544 858 681 922 domine
702 859 858 922 eclesiam
881 869 975 923 tuam
998 859 1056 943 qui
1079 859 1213 921 beatam
1237 878 1315 941 aga-
1341 857 1409 939 [fol.
1431 817 1484 936 49.

397 944 477 1007 then
509 945 672 1027 uirginem
710 955 745 1009 et
782 958 965 1028 martyrem
997 947 1173 1028 adquisisti
1215 943 1484 1008 fide.h0norasti

278 1031 428 1112 pudore.
445 1033 639 1112 glorificasti
662 1035 853 1096 certamine.
898 1034 1018 1097 Amen.
1485 1100 1489 1107 ,

325 1119 509 1200 Repleatur
537 1119 592 1182 hic
622 1120 766 1200 populus
797 1120 855 1183 illo
881 1121 1091 1203 spiritu.qui
1119 1122 1258 1202 martyri
1283 1130 1362 1184 tuae
1388 1117 1484 1181 affuit

279 1207 445 1286 agathae.
461 1226 538 1270 cum
573 1226 648 1270 eam
678 1207 765 1287 ignis
795 1217 957 1271 torreret.
973 1228 1050 1271 cum
1081 1207 1206 1290 ungula
1237 1209 1389 1270 raderet.
1407 1225 1483 1267 cum

281 1292 414 1355 aculeus
441 1293 616 1376 infigeret.
634 1313 710 1356 cum
735 1294 1090 1378 mamilla'torqueret.
1133 1294 1250 1358 Amen.

324 1379 375 1443 Ut
400 1380 482 1443 dum
509 1401 545 1444 se
569 1381 631 1444 sibi
656 1401 717 1463 pro
751 1391 811 1445 tuo
836 1402 950 1445 amore
976 1382 1213 1463 abnegat.tua
1237 1381 1419 1444 collocetur
1449 1381 1482 1440 in

280 1466 444 1531 dextera.
461 1468 555 1532 cuius
578 1477 631 1531 est
655 1468 818 1532 electione
843 1481 962 1533 uocata
989 1470 1022 1531 in
1048 1468 1197 1551 gloriam.
1243 1469 1361 1531 Amen.

326 1553 427 1638 Quod
452 1555 524 1638 ipse
549 1564 697 1638 prestare
716 1556 881 1638 dignetur.

357 1919 595 1983 Beuuurcrro
619 1932 660 1982 ru
685 1933 892 1984 curuantur
915 1920 1058 1985 Snucm
1083 1920 1199 1983 Peme
1223 1931 1419 1984 neosrou.

290 2096 425 2222 DEus
454 2097 511 2178 qui
546 2097 683 2160 beatum
714 2108 847 2179 petrum
879 2099 1070 2181 apostolum
1109 2109 1205 2161 tuum
1237 2098 1284 2161 ita
1315 2097 1489 2161 reddidisti

398 2185 609 2266 precipuum.
623 2193 661 2247 ut
683 2186 856 2249 sortiretur
878 2187 965 2248 inter
987 2188 1077 2266 ipsos
1094 2185 1171 2249 fidei
1188 2187 1353 2266 principes
1371 2186 1489 2268 princi-

284 2285 402 2358 patum
421 2320 429 2336 .
447 2281 481 2334 et
511 2281 650 2354 accepta
681 2282 851 2353 potestate
880 2273 1038 2354 principis
1068 2272 1102 2335 in
1127 2273 1264 2335 seculo.
1281 2273 1363 2334 caeli
1395 2272 1490 2336 fieret

284 2362 484 2425 ianitor.ut
515 2378 600 2440 quos
627 2359 701 2422 uult
729 2359 953 2441 [intromittat
983 2361 1074 2423 ciues
1105 2360 1138 2422 in
1171 2364 1304 2440 regno!
1321 2358 1390 2440 [fol.
1413 2376 1488 2441 49v.

281 2450 409 2532 respice
433 2444 566 2527 plebem
590 2455 684 2509 tuam
712 2447 838 2526 pietate
869 2447 995 2511 solita.
1012 2448 1069 2528 qui
1096 2456 1309 2509 sacrosancto
1332 2447 1489 2527 apostolo

280 2553 431 2617 gressum
456 2531 595 2596 firmasti
622 2551 682 2615 per
709 2533 859 2597 lubrica.
877 2544 912 2596 et
937 2534 1053 2615 culpas
1078 2533 1213 2597 abluisti
1240 2552 1300 2612 per
1330 2532 1488 2596 lamenta.

282 2623 398 2687 Amen.

328 2710 493 2777 Obtineat
508 2709 598 2791 apud
614 2717 649 2771 te
666 2710 798 2774 ueniam
814 2728 875 2790 pro
897 2708 1103 2790 corrigendis
1125 2708 1257 2772 delictis
1268 2757 1275 2770 .
1286 2708 1344 2787 qui
1367 2706 1488 2769 claudo

285 2798 346 2861 fuit
364 2797 497 2859 medela
517 2816 578 2878 pro
602 2797 784 2880 dirigendis
803 2796 963 2877 uestigiis.
1008 2796 1128 2858 Amen.

328 2885 378 2949 Ut
403 2885 478 2964 ipso
508 2884 735 2947 intercedente
765 2893 798 2945 et
829 2892 864 2946 te
904 2893 1138 2945 remunerante
1169 2882 1247 2945 illuc
1278 2882 1340 2943 sibi
1370 2900 1490 2962 greges

282 2970 481 3035 commissos
496 2970 687 3033 introducat
705 2991 764 3051 per
780 2969 932 3032 ueniam.
947 2989 1014 3052 quo
1037 2980 1153 3050 pastor
1174 2969 1332 3052 idemque
1349 2969 1487 3032 ianitor.

280 3070 391 3124 tecum
420 3067 651 3119 remuneratus
678 3058 812 3120 exultat
841 3058 875 3118 in
902 3056 1054 3137 gloriam.
1100 3056 1219 3119 Amen.

327 3142 430 3227 Quod
458 3144 531 3224 ipse
559 3152 718 3225 prestare.

524 3489 570 3552 Iu
594 3488 912 3554 NATALESANCT1
937 3490 1127 3557 Guuoouu
1151 3506 1252 3555 enea.

359 3672 429 3735 Eus
456 3670 513 3752 qui
537 3669 676 3732 beatum
699 3669 890 3750 gregorium
921 3670 1108 3750 praesulem
1139 3681 1236 3733 tuum
1267 3680 1364 3735 tan-ta
1395 3674 1492 3736 fami-

400 3758 544 3819 liaritate
589 3756 649 3819 tibi
693 3755 857 3818 iunxisti.
874 3765 911 3820 ut
949 3758 1051 3819 etiam
1089 3777 1165 3820 cum
1204 3757 1313 3821 adhuc
1350 3778 1491 3842 corpore

286 3846 453 3909 habitaret
487 3844 519 3903 in
555 3843 673 3906 terris.
691 3842 758 3904 iam
796 3854 877 3906 tunc
910 3844 1011 3905 corde
1046 3854 1137 3906 totus
1175 3855 1264 3907 esset
1294 3846 1328 3907 in
1359 3847 1486 3910 caelis.

287 3932 413 4013 respice
434 3950 548 4011 preces
572 3930 735 4011 presentis
757 3930 926 3993 familiae.
943 3951 1031 4012 quae
1054 3951 1090 3993 se
1110 3933 1238 4013 gaudet
1253 3933 1339 3995 tanti
1355 3938 1489 4016 patroni

291 4018 492 4098 sollempnia
516 4015 692 4079 celebrare.
738 4016 856 4081 Amen.

333 4105 458 4169 Ualeat
477 4103 548 4165 eius
570 4104 807 4167 intercessione
829 4103 889 4166 tibi
910 4104 984 4166 illas
1005 4105 1206 4188 petistiones
1222 4104 1327 4170 effun-
1352 4104 1423 4194 [fol.
1442 4123 1494 4189 50.

288 4194 483 4273 dere.quas
507 4190 602 4272 eligis
625 4190 767 4254 libenter
790 4192 937 4273 implere.
983 4192 1101 4257 Amen.

335 4278 379 4342 Et
402 4278 621 4341 festiuitatem
644 4277 731 4341 hanc
754 4280 888 4341 uenisse
909 4280 943 4341 in
959 4280 1055 4342 terris
1075 4280 1354 4363 sentiant.quam
1374 4284 1490 4348 uidere

291 4368 379 4429 uotis
403 4366 435 4427 in
458 4365 560 4428 caelis
583 4377 761 4447 exoptant.
806 4366 925 4429 Amen.

334 4452 434 4536 Quod
457 4452 530 4534 ipse
552 4463 708 4535 prestare.
