3375 5250
498 384 815 437 BENEDICTIONES
835 387 1096 438 EPISCOPALES.

434 621 633 687 Domurcu
655 638 736 689 v111.
760 638 851 690 Post
876 627 1164 690 Paurucosrsu.

197 779 434 933 SArrjtizfiegzet
461 802 522 847 uos
548 785 676 849 domini
702 787 833 870 gratia.
852 797 886 850 et
916 787 960 850 ab
987 787 1080 852 omni
1108 785 1197 851 malo
1220 786 1401 852 custodiat.

237 953 364 1021 Arceat
388 978 409 1022 a
432 958 528 1022 uobis
555 980 656 1024 omne
686 964 776 1043 quod
803 960 928 1025 maium
957 970 1008 1024 est
1025 1011 1033 1027 .
1051 971 1086 1025 et
1107 961 1244 1044 spiritus
1267 970 1398 1025 uestros

193 1060 400 1126 corporaque
423 1045 585 1128 purificet.
628 1049 746 1114 Amen.

238 1130 369 1213 Alliget
396 1152 456 1196 uos
483 1134 545 1197 sibi
571 1136 706 1199 uinculo
731 1135 949 1201 caritatis.et
976 1158 1046 1218 pax
1071 1137 1142 1200 eius
1168 1136 1342 1200 habundet
1364 1135 1397 1197 in

193 1215 349 1281 cordibus
376 1219 505 1285 uestris.
549 1222 667 1286 Amen.

239 1303 339 1386 Quod
363 1307 435 1389 ipse
460 1320 608 1390 prestare
633 1311 801 1393 dignetur.

425 1624 626 1689 Dounutcn
648 1639 744 1690 vnn.
769 1640 860 1692 post
884 1613 1170 1691 Puurncosrau.

200 1781 462 1907 MUltiplicet
483 1784 516 1847 in
537 1786 634 1849 uobis
657 1786 814 1850 dominus
834 1788 968 1870 copiam
987 1808 1069 1852 suae
1091 1787 1403 1852 benedictionis.et

326 1868 501 1935 confirmet
524 1893 586 1936 uos
610 1875 643 1936 in
666 1895 727 1957 spe
750 1876 843 1957 regni
867 1875 1009 1953 celestis.
1054 1875 1173 1939 Amen.

237 1955 348 2020 Actus
364 1968 493 2022 uestros
513 1960 682 2042 corrigat.
700 1962 806 2025 uitam
827 1964 1006 2027 emendet.
1026 1981 1137 2025 mores
1157 1970 1349 2043 conponat.
1367 1969 1402 2023 et

194 2061 256 2105 uos
279 2044 322 2106 ad
346 2045 500 2110 caelestis
523 2049 682 2131 paradysi
706 2048 928 2113 hereditatem
954 2051 1125 2132 perducat.
1169 2048 1289 2111 Amen.

238 2129 381 2213 Talique
406 2133 591 2198 intentione
614 2137 733 2218 repleri
758 2137 922 2201 ualeatis.
940 2136 1027 2219 lquo
1050 2137 1080 2198 ei
1105 2137 1138 2199 in
1164 2155 1237 2217 per·
1260 2133 1330 2218 [t'ol.
1350 2149 1400 2213 34.

192 2224 333 2300 petuum
357 2218 528 2301 placeatis.
571 2222 690 2287 Amen.

238 2302 338 2387 Quod
362 2307 434 2389 ipse
457 2317 605 2389 prestare
628 2310 792 2392 dignetur.

456 2636 656 2701 Donnurcn
683 2650 719 2699 x.
743 2648 833 2701 posu
859 2634 1146 2699 Pentecosten,

200 2797 335 2926 DEus
358 2799 415 2879 qui
439 2807 491 2861 est
514 2797 584 2861 uita
608 2798 799 2862 mortalium
816 2846 823 2862 .
839 2798 998 2881 salusque
1021 2807 1255 2879 peccatorum.
1272 2792 1402 2857 auferat

311 2884 444 2948 auobis
467 2905 583 2949 omnes
607 2885 755 2949 maculas
778 2886 987 2949 delictorum.
1034 2885 1151 2948 Amen.

239 2970 365 3035 Induat
398 2992 459 3040 uos
496 2974 617 3035 decore
647 2973 832 3038 uirtutum.
850 2971 1036 3037 sanctificet
1075 2980 1204 3035 mentes
1222 3018 1231 3033 .
1249 2967 1402 3052 purificet

192 3059 386 3205 pqoluntates
401 3108 408 3125 .
425 3068 459 3123 et
493 3060 552 3124 det
590 3060 686 3124 uobis
720 3072 913 3125 sanctorum
951 3060 1157 3124 consortium
1196 3056 1400 3138 angelorum.

230 3164 311 3208 men.

240 3231 288 3295 Ut
323 3232 514 3315 probabiles
550 3231 616 3298 fide
632 3280 640 3299 .
656 3245 690 3298 et
734 3255 834 3317 opere
879 3233 1075 3298 inmaculati
1091 3282 1098 3297 .
1115 3231 1319 3316 perueniatis
1358 3227 1402 3292 ad

193 3328 363 3383 aeternam
386 3322 586 3402 gaudiorum
609 3321 803 3386 caelestium
831 3323 1061 3386 hereditatem.
1108 3320 1226 3384 Amen.

238 3404 339 3489 Quod
360 3407 432 3490 ipse
451 3416 602 3491 prestare
625 3409 793 3490 dignetur.

452 3708 652 3773 Dounucn
675 3722 726 3774 x1.
751 3723 842 3773 posu·
868 3711 1153 3775 Psurncosruu.

265 3874 466 3937 Euotionem
506 3884 653 3937 uestram
684 3872 841 3937 dominus
872 3873 1053 3955 dignanter
1083 3871 1262 3935 intendat.
1280 3879 1314 3933 et
1340 3889 1401 3948 sue

313 3960 408 4025 uobis
431 3960 675 4024 benedictionis
694 3961 785 4024 dona
804 3961 977 4025 concedat.
1023 3961 1139 4023 Amen.

237 4049 380 4132 Talique
397 4067 459 4111 uos
479 4049 513 4111 in
532 4049 680 4129 presenti
701 4047 813 4112 seculo
837 4048 988 4111 subsidio
1011 4048 1162 4111 muniat.
1180 4053 1217 4109 ut
1240 4043 1399 4126 paradysi

194 4157 255 4203 uos
281 4138 315 4199 in
340 4134 452 4199 futuro
469 4134 677 4199 habitatores
700 4134 829 4198 efficiat.
875 4134 993 4198 Amen.

238 4223 382 4308 [Sisque
411 4226 513 4287 corda
539 4232 651 4285 uestra
666 4270 673 4287 .
690 4221 931 4285 sanctificando
958 4222 1157 4285 benedicat.
1174 4229 1209 4283 et
1233 4217 1301 4301 [fol.
1327 4234 1398 4297 34V.

194 4310 424 4375 benedicendo
453 4308 663 4374 sanctificet.
680 4324 717 4372 ut
759 4309 935 4372 uobiscum
972 4310 1077 4372 immo
1116 4310 1149 4371 in
1189 4306 1284 4370 uobis
1323 4326 1399 4369 eum

195 4400 315 4481 iugiter
340 4397 492 4460 habitare
518 4398 671 4460 delectet.
716 4396 832 4460 Amen.

236 4485 338 4570 Quod
366 4486 437 4567 ipse
463 4494 611 4566 prestare
638 4484 925 4567 dignetur.cuius
952 4504 1102 4565 regnum.
