3375 5250
502 407 820 458 BENEDICTIONES
839 406 1099 456 EPISCOPALES.

587 667 759 732 Sananro
783 680 1021 731 aauumcaro.

203 833 423 981 DEuss
356 832 413 914 qui
432 852 494 895 sex
514 831 631 895 diebus
654 851 757 912 opera
778 841 813 894 et
836 831 871 892 in
893 831 1038 913 septimo
1062 830 1210 914 requiem
1236 830 1406 895 insinuas,

308 919 386 982 huic
408 919 554 983 lamiliae
576 919 774 982 benedicere
799 917 964 1000 digneris.
977 927 1012 980 et
1038 930 1115 1000 post
1144 937 1278 981 cursum
1305 917 1402 980 huius

197 1008 312 1072 uitae.
330 1015 500 1070 aeternam
524 1007 672 1088 requiem
696 1014 756 1069 tua
779 1005 993 1068 miseratione
1017 1003 1179 1088 largiaris.
1226 1004 1344 1069 Amen.

239 1093 374 1178 Quique
396 1106 474 1176 post
495 1103 555 1156 tua
580 1092 679 1156 ualde
704 1093 793 1156 bona
817 1111 920 1174 opera
946 1092 1125 1156 sabbatum
1151 1090 1220 1154 fieri
1248 1091 1402 1155 uoluisti.

196 1180 281 1244 hanc
304 1179 466 1244 familiam
488 1189 582 1243 tuam
601 1179 686 1242 bene
704 1179 856 1262 operari.
874 1188 909 1242 et
930 1179 973 1242 ad
995 1180 1143 1261 requiem
1167 1188 1245 1261 post
1270 1178 1403 1242 labores

196 1268 298 1330 seculi
323 1267 426 1332 facias
451 1267 632 1349 peruenire.
679 1267 798 1330 Amen.

239 1355 311 1418 Nec
332 1374 416 1437 quos
439 1354 524 1418 bene
545 1354 674 1436 operari
698 1353 842 1434 precipis
858 1352 932 1417 ,hic
959 1372 979 1413 a
998 1352 1094 1416 bonis
1118 1351 1241 1436 loperi-
1259 1350 1328 1436 [sol.
1349 1351 1401 1434 69.

194 1441 256 1504 bus
275 1442 485 1505 sabbatizare
501 1441 554 1504 uel
573 1441 719 1504 hiemare
738 1441 904 1503 sustineas
920 1485 928 1503 .
944 1440 1003 1507 sed
1027 1440 1112 1504 tales
1137 1441 1231 1503 exire
1259 1440 1401 1503 iubeas.

193 1529 309 1610 quales
333 1530 367 1591 in
390 1538 563 1592 aeternum
580 1528 770 1591 benedicas.
816 1527 934 1589 Amen.

238 1615 339 1698 Quod
363 1617 435 1697 ipse
458 1624 606 1698 prestare
629 1615 797 1697 dignetur.

497 2012 733 2076 Bausmcrro
758 2024 799 2074 ιιι
826 2022 1084 2075 ιιοιιΑετιιιιιο.

197 2190 461 2319 OMnipotens
499 2189 655 2254 dominus
696 2196 886 2250 sanctarum
932 2187 1096 2250 mentium
1136 2188 1307 2252 habitator
1342 2211 1403 2252 uos

309 2279 509 2342 benedicat.
526 2286 559 2340 et
590 2276 624 2338 in
651 2275 807 2339 cordibus
838 2273 957 2337 uestris
988 2284 1184 2356 perpetuam
1214 2276 1276 2338 sibi
1308 2295 1401 2339 man·

196 2366 324 2429 sionem
348 2366 539 2429 constituat.
584 2363 704 2426 Amen.

238 2453 297 2517 Ab
323 2453 479 2516 omnibus
506 2471 567 2513 uos
594 2447 901 2531 perturbationibus
927 2447 1064 2510 interius
1089 2450 1304 2530 exteriusque
1332 2469 1404 2513 mu·

194 2540 281 2604 nitos
318 2538 461 2603 efficiat.
477 2536 789 2617 consolatoremque
827 2535 981 2616 spiritum
1020 2547 1173 2598 sanctum
1216 2536 1402 2600 attribuat.

195 2638 229 2692 et
258 2630 291 2691 in
323 2627 494 2709 proposito
519 2636 655 2689 sanctae
685 2622 856 2707 religionis
881 2623 914 2685 in
942 2619 1010 2704 qdo
1035 2644 1096 2686 uos
1122 2623 1187 2686 deo
1218 2623 1403 2688 deuouistis

195 2713 456 2798 perseuerabiles
479 2713 608 2776 reddat.
652 2711 771 2776 Amen.

240 2801 448 2884 Quatinus
439 2821 472 2862 ιιι
503 2800 566 2863 hac
596 2797 864 2881 peregrinatione
894 2795 958 2859 sub
989 2796 1059 2859 eius
1090 2797 1239 2879 piissima
1274 2807 1403 2881 protec-

195 2890 286 2952 tione
324 2886 559 2969 inculpabilem
603 2885 708 2949 uitam
750 2885 911 2947 ducentes
948 2883 990 2946 ad
1041 2904 1155 2947 eorum
1199 2886 1402 2949 consortium

197 2996 338 3076 quorum
376 2974 536 3056 exempla
572 2970 774 3036 imitamini.
792 2970 1020 3033 intercedente
1061 2970 1162 3034 beato
1201 2972 1401 3037 benedicto.

195 3063 368 3146 peruenire
391 3061 531 3124 seliciter
549 3059 699 3123 ualeatis.
746 3053 896 3143 [Amen]

241 3150 303 3213 Ille
327 3169 387 3213 uos
414 3147 591 3211 benedicat
615 3146 657 3208 de
683 3146 806 3209 caelis.
823 3145 880 3225 qui
907 3163 967 3225 per
993 3164 1124 3207 crucem
1147 3154 1182 3208 et
1204 3146 1402 3228 sanguinem

196 3237 361 3319 passionis
384 3255 464 3298 suae
487 3255 548 3297 nos
572 3232 746 3296 redemit
737 3251 770 3293 m
794 3231 899 3295 terris
945 3231 1063 3295 Amen.

240 3322 388 3407 (Quod
379 3342 451 3404 rpse
469 3330 616 3404 prestare
635 3320 799 3402 dignetur.
1240 3318 1307 3401 [sol.
1330 3320 1403 3401 69v.

420 3684 658 3753 Buuaorcaro
683 3698 837 3777 cosmus
862 3699 914 3749 Αι)
938 3698 1186 3753 Μιτυιιιιιιιι.

201 3858 444 3985 NUmquam
464 3854 597 3917 deseras
623 3854 759 3919 domine
789 3874 891 3936 quam
922 3854 1074 3937 plantare
1104 3858 1262 3939 dignatus
1293 3863 1329 3923 es
1354 3863 1403 3924 ui·

315 3964 411 4008 neam
435 3952 527 4006 tuam
545 3992 551 4006 .
568 3940 628 4005 sed
651 3941 754 4005 facias
776 3962 852 4005 eam
876 3962 1008 4025 semper
1029 3944 1210 4010 excultam.
1254 3947 1371 4013 Amen.

242 4031 353 4096 Nullis
374 4029 524 4094 sentibus
547 4028 751 4092 suffocetur.
768 4048 829 4091 nec
860 4029 1040 4111 inportuna
1070 4032 1182 4095 auium
1214 4036 1404 4097 uastatinne

196 4129 362 4184 uexetur.
377 4117 437 4180 sed
468 4117 585 4179 adesto
612 4117 642 4178 ei
672 4116 848 4197 proximus
878 4136 1034 4199 semper.
1049 4128 1083 4183 et
1113 4120 1317 4184 cotidianam
1349 4122 1401 4186 sac

196 4210 238 4272 de
259 4206 361 4270 botris
381 4204 576 4267 ubertatem.
622 4203 739 4265 Amen.

239 4294 351 4358 Non
342 4312 376 4354 ιιι
399 4311 439 4354 ea
461 4290 577 4353 lolium
596 4290 739 4353 seminet
763 4289 940 4353 inimicus.
956 4292 1016 4355 sed
1040 4292 1161 4376 dignos
1184 4294 1244 4358 tibi
1267 4315 1399 4379 semper

196 4382 314 4446 afferat
337 4379 471 4442 fructus.
515 4376 635 4442 Amen.

240 4467 373 4553 Quod
364 4486 435 4547 rpse
458 4473 607 4546 prestare
629 4463 792 4547 dignetur.

1206 4566 1271 4620 Ea
