<?xml version="1.0" encoding="UTF-8"?>
<!DOCTYPE html PUBLIC "-//W3C//DTD XHTML 1.0 Transitional//EN"
    "http://www.w3.org/TR/xhtml1/DTD/xhtml1-transitional.dtd">
<html xmlns="http://www.w3.org/1999/xhtml" xml:lang="en" lang="en">
 <head>
  <title>
</title>
<meta http-equiv="Content-Type" content="text/html;charset=utf-8" />
  <meta name='ocr-system' content='tesseract 3.04.00' />
  <meta name='ocr-capabilities' content='ocr_page ocr_carea ocr_par ocr_line ocrx_word'/>
</head>
<body>
  <div class='ocr_page' id='page_1' title='image "benedictionalar00munigoog_0112.png"; bbox 0 0 3375 5250; ppageno 0'>
   <div class='ocr_carea' id='block_1_1' title="bbox 286 366 1261 426">
    <p class='ocr_par' dir='ltr' id='par_1_1' title="bbox 286 366 1261 426">
     <span class='ocr_line' id='line_1_1' title="bbox 286 366 1261 426; baseline 0.001 -11"><span class='ocrx_word' id='word_1_1' title='bbox 286 374 317 426; x_wconf 84' lang='lat'>72</span> <span class='ocrx_word' id='word_1_2' title='bbox 527 369 656 417; x_wconf 87' lang='lat' dir='ltr'><em>SERMO</em></span> <span class='ocrx_word' id='word_1_3' title='bbox 677 370 733 417; x_wconf 87' lang='lat' dir='ltr'>DE</span> <span class='ocrx_word' id='word_1_4' title='bbox 754 366 1022 417; x_wconf 85' lang='lat' dir='ltr'><em>DEDICATIONE</em></span> <span class='ocrx_word' id='word_1_5' title='bbox 1042 366 1261 416; x_wconf 84' lang='lat' dir='ltr'><em>ECCLESIAE.</em></span> 
     </span>
    </p>
   </div>
   <div class='ocr_carea' id='block_1_2' title="bbox 238 522 1496 3118">
    <p class='ocr_par' dir='ltr' id='par_1_2' title="bbox 238 522 1496 3118">
     <span class='ocr_line' id='line_1_2' title="bbox 289 522 1492 603; baseline -0.001 -21"><span class='ocrx_word' id='word_1_6' title='bbox 289 526 337 583; x_wconf 91' lang='lat' dir='ltr'>uel</span> <span class='ocrx_word' id='word_1_7' title='bbox 372 526 412 584; x_wconf 89' lang='lat' dir='ltr'>ad</span> <span class='ocrx_word' id='word_1_8' title='bbox 446 544 552 585; x_wconf 89' lang='lat' dir='ltr'>manus</span> <span class='ocrx_word' id='word_1_9' title='bbox 584 522 799 602; x_wconf 86' lang='lat' dir='ltr'>inpositionem</span> <span class='ocrx_word' id='word_1_10' title='bbox 832 525 939 585; x_wconf 81' lang='lat' dir='ltr'>offerre</span> <span class='ocrx_word' id='word_1_11' title='bbox 953 570 960 584; x_wconf 91' lang='lat'>.</span> <span class='ocrx_word' id='word_1_12' title='bbox 976 524 1058 603; x_wconf 91' lang='lat' dir='ltr'>ipsos</span> <span class='ocrx_word' id='word_1_13' title='bbox 1089 536 1192 585; x_wconf 87' lang='lat' dir='ltr'>tamen</span> <span class='ocrx_word' id='word_1_14' title='bbox 1223 522 1353 583; x_wconf 83' lang='lat' dir='ltr'>infantes</span> <span class='ocrx_word' id='word_1_15' title='bbox 1388 525 1492 582; x_wconf 83' lang='lat' dir='ltr'>fratres</span> 
     </span>
     <span class='ocr_line' id='line_1_3' title="bbox 289 603 1491 683; baseline -0.002 -19"><span class='ocrx_word' id='word_1_16' title='bbox 289 604 458 666; x_wconf 85' lang='lat' dir='ltr'>karissimi.</span> <span class='ocrx_word' id='word_1_17' title='bbox 475 625 552 683; x_wconf 89' lang='lat' dir='ltr'>quos</span> <span class='ocrx_word' id='word_1_18' title='bbox 579 606 612 665; x_wconf 91' lang='lat' dir='ltr'>in</span> <span class='ocrx_word' id='word_1_19' title='bbox 635 606 784 683; x_wconf 90' lang='lat' dir='ltr'>baptismo</span> <span class='ocrx_word' id='word_1_20' title='bbox 809 606 946 683; x_wconf 82' lang='lat' dir='ltr'>excipitis</span> <span class='ocrx_word' id='word_1_21' title='bbox 962 652 969 666; x_wconf 92' lang='lat'>.</span> <span class='ocrx_word' id='word_1_22' title='bbox 984 607 1092 666; x_wconf 91' lang='lat' dir='ltr'>scitote</span> <span class='ocrx_word' id='word_1_23' title='bbox 1114 625 1169 666; x_wconf 89' lang='lat' dir='ltr'>uos</span> <span class='ocrx_word' id='word_1_24' title='bbox 1194 606 1277 681; x_wconf 90' lang='lat' dir='ltr'>apud</span> <span class='ocrx_word' id='word_1_25' title='bbox 1301 606 1394 664; x_wconf 92' lang='lat' dir='ltr'>deum</span> <span class='ocrx_word' id='word_1_26' title='bbox 1422 603 1491 662; x_wconf 88' lang='lat' dir='ltr'>fide-</span> 
     </span>
     <span class='ocr_line' id='line_1_4' title="bbox 291 683 1491 765; baseline 0 -22"><span class='ocrx_word' id='word_1_27' title='bbox 291 688 420 747; x_wconf 86' lang='lat' dir='ltr'>iussores</span> <span class='ocrx_word' id='word_1_28' title='bbox 447 706 513 747; x_wconf 89' lang='lat' dir='ltr'>esse</span> <span class='ocrx_word' id='word_1_29' title='bbox 541 687 680 749; x_wconf 91' lang='lat' dir='ltr'>illomm.</span> <span class='ocrx_word' id='word_1_30' title='bbox 697 698 727 747; x_wconf 89' lang='lat' dir='ltr'>et</span> <span class='ocrx_word' id='word_1_31' title='bbox 753 687 826 747; x_wconf 91' lang='lat' dir='ltr'>ideo</span> <span class='ocrx_word' id='word_1_32' title='bbox 858 706 977 765; x_wconf 90' lang='lat' dir='ltr'>semper</span> <span class='ocrx_word' id='word_1_33' title='bbox 1006 707 1059 747; x_wconf 89' lang='lat' dir='ltr'>eos</span> <span class='ocrx_word' id='word_1_34' title='bbox 1092 690 1254 751; x_wconf 81' lang='lat' dir='ltr'>admonere</span> <span class='ocrx_word' id='word_1_35' title='bbox 1282 697 1312 746; x_wconf 89' lang='lat' dir='ltr'>et</span> <span class='ocrx_word' id='word_1_36' title='bbox 1347 683 1491 761; x_wconf 86' lang='lat' dir='ltr'>castigare</span> 
     </span>
     <span class='ocr_line' id='line_1_5' title="bbox 292 766 1492 846; baseline -0.002 -20"><span class='ocrx_word' id='word_1_37' title='bbox 292 767 466 828; x_wconf 86' lang='lat' dir='ltr'>contendite</span> <span class='ocrx_word' id='word_1_38' title='bbox 480 813 488 829; x_wconf 93' lang='lat'>.</span> <span class='ocrx_word' id='word_1_39' title='bbox 504 777 537 828; x_wconf 89' lang='lat' dir='ltr'>ut</span> <span class='ocrx_word' id='word_1_40' title='bbox 567 779 649 845; x_wconf 90' lang='lat' dir='ltr'>caste</span> <span class='ocrx_word' id='word_1_41' title='bbox 677 779 708 828; x_wconf 92' lang='lat' dir='ltr'>et</span> <span class='ocrx_word' id='word_1_42' title='bbox 735 767 811 845; x_wconf 86' lang='lat' dir='ltr'>iuste</span> <span class='ocrx_word' id='word_1_43' title='bbox 839 777 871 827; x_wconf 90' lang='lat' dir='ltr'>et</span> <span class='ocrx_word' id='word_1_44' title='bbox 904 768 1003 846; x_wconf 88' lang='lat' dir='ltr'>sobrie</span> <span class='ocrx_word' id='word_1_45' title='bbox 1029 767 1135 828; x_wconf 91' lang='lat' dir='ltr'>uiuant</span> <span class='ocrx_word' id='word_1_46' title='bbox 1149 811 1157 826; x_wconf 94' lang='lat'>.</span> <span class='ocrx_word' id='word_1_47' title='bbox 1171 771 1252 828; x_wconf 85' lang='lat' dir='ltr'>Ante</span> <span class='ocrx_word' id='word_1_48' title='bbox 1280 766 1383 827; x_wconf 90' lang='lat' dir='ltr'>omnia</span> <span class='ocrx_word' id='word_1_49' title='bbox 1416 786 1492 844; x_wconf 87' lang='lat' dir='ltr'>syrn-</span> 
     </span>
     <span class='ocr_line' id='line_1_6' title="bbox 293 847 1493 910; baseline -0.003 -1"><span class='ocrx_word' id='word_1_50' title='bbox 293 850 397 909; x_wconf 92' lang='lat' dir='ltr'>bolum</span> <span class='ocrx_word' id='word_1_51' title='bbox 435 848 479 908; x_wconf 93' lang='lat' dir='ltr'>eis</span> <span class='ocrx_word' id='word_1_52' title='bbox 519 860 549 909; x_wconf 92' lang='lat' dir='ltr'>et</span> <span class='ocrx_word' id='word_1_53' title='bbox 588 848 754 909; x_wconf 91' lang='lat' dir='ltr'>orationem</span> <span class='ocrx_word' id='word_1_54' title='bbox 794 847 977 909; x_wconf 76' lang='lat' dir='ltr'>dominicam</span> <span class='ocrx_word' id='word_1_55' title='bbox 1016 849 1188 910; x_wconf 90' lang='lat' dir='ltr'>ostendite.</span> <span class='ocrx_word' id='word_1_56' title='bbox 1204 868 1262 909; x_wconf 89' lang='lat' dir='ltr'>nec</span> <span class='ocrx_word' id='word_1_57' title='bbox 1303 868 1356 908; x_wconf 90' lang='lat' dir='ltr'>eos</span> <span class='ocrx_word' id='word_1_58' title='bbox 1394 848 1493 908; x_wconf 88' lang='lat' dir='ltr'>uerbis</span> 
     </span>
     <span class='ocr_line' id='line_1_7' title="bbox 295 926 1489 1009; baseline -0.002 -20"><span class='ocrx_word' id='word_1_59' title='bbox 295 927 411 1009; x_wconf 68' lang='lat' dir='ltr'>[solum</span> <span class='ocrx_word' id='word_1_60' title='bbox 437 932 492 990; x_wconf 92' lang='lat' dir='ltr'>sed</span> <span class='ocrx_word' id='word_1_61' title='bbox 519 930 611 990; x_wconf 88' lang='lat' dir='ltr'>etiam</span> <span class='ocrx_word' id='word_1_62' title='bbox 637 928 782 1007; x_wconf 87' lang='lat' dir='ltr'>exemplis</span> <span class='ocrx_word' id='word_1_63' title='bbox 809 931 849 990; x_wconf 92' lang='lat' dir='ltr'>ad</span> <span class='ocrx_word' id='word_1_64' title='bbox 877 931 959 990; x_wconf 90' lang='lat' dir='ltr'>bona</span> <span class='ocrx_word' id='word_1_65' title='bbox 985 950 1078 1009; x_wconf 90' lang='lat' dir='ltr'>opera</span> <span class='ocrx_word' id='word_1_66' title='bbox 1104 943 1289 1007; x_wconf 89' lang='lat' dir='ltr'>prouocate.</span> <span class='ocrx_word' id='word_1_67' title='bbox 1332 926 1394 1008; x_wconf 83' lang='lat' dir='ltr'>[fol.</span> <span class='ocrx_word' id='word_1_68' title='bbox 1421 948 1489 1005; x_wconf 80' lang='lat' dir='ltr'>pau.</span> 
     </span>
     <span class='ocr_line' id='line_1_8' title="bbox 294 1009 1492 1089; baseline 0 -20"><span class='ocrx_word' id='word_1_69' title='bbox 294 1010 356 1087; x_wconf 88' lang='lat' dir='ltr'>Qui</span> <span class='ocrx_word' id='word_1_70' title='bbox 376 1010 456 1071; x_wconf 89' lang='lat' dir='ltr'>enim</span> <span class='ocrx_word' id='word_1_71' title='bbox 475 1022 557 1089; x_wconf 87' lang='lat' dir='ltr'>caste</span> <span class='ocrx_word' id='word_1_72' title='bbox 576 1022 606 1072; x_wconf 90' lang='lat' dir='ltr'>et</span> <span class='ocrx_word' id='word_1_73' title='bbox 626 1010 703 1088; x_wconf 88' lang='lat' dir='ltr'>iuste</span> <span class='ocrx_word' id='word_1_74' title='bbox 724 1018 755 1071; x_wconf 89' lang='lat' dir='ltr'>et</span> <span class='ocrx_word' id='word_1_75' title='bbox 774 1009 873 1088; x_wconf 90' lang='lat' dir='ltr'>sobrie</span> <span class='ocrx_word' id='word_1_76' title='bbox 895 1009 1002 1071; x_wconf 92' lang='lat' dir='ltr'>uiuunt</span> <span class='ocrx_word' id='word_1_77' title='bbox 1019 1013 1113 1072; x_wconf 92' lang='lat' dir='ltr'>.dum</span> <span class='ocrx_word' id='word_1_78' title='bbox 1133 1012 1199 1071; x_wconf 89' lang='lat' dir='ltr'>aliis</span> <span class='ocrx_word' id='word_1_79' title='bbox 1220 1013 1389 1087; x_wconf 85' lang='lat' dir='ltr'>exemplum</span> <span class='ocrx_word' id='word_1_80' title='bbox 1412 1011 1492 1087; x_wconf 87' lang='lat' dir='ltr'>bone</span> 
     </span>
     <span class='ocr_line' id='line_1_9' title="bbox 292 1090 1492 1170; baseline 0.001 -20"><span class='ocrx_word' id='word_1_81' title='bbox 292 1095 355 1169; x_wconf 91' lang='lat' dir='ltr'>nite</span> <span class='ocrx_word' id='word_1_82' title='bbox 383 1096 530 1170; x_wconf 87' lang='lat' dir='ltr'>prebent.</span> <span class='ocrx_word' id='word_1_83' title='bbox 547 1103 577 1152; x_wconf 90' lang='lat' dir='ltr'>et</span> <span class='ocrx_word' id='word_1_84' title='bbox 612 1111 666 1169; x_wconf 93' lang='lat' dir='ltr'>pro</span> <span class='ocrx_word' id='word_1_85' title='bbox 700 1110 733 1152; x_wconf 90' lang='lat' dir='ltr'>se</span> <span class='ocrx_word' id='word_1_86' title='bbox 761 1105 790 1152; x_wconf 91' lang='lat' dir='ltr'>et</span> <span class='ocrx_word' id='word_1_87' title='bbox 813 1111 868 1169; x_wconf 93' lang='lat' dir='ltr'>pro</span> <span class='ocrx_word' id='word_1_88' title='bbox 895 1091 996 1152; x_wconf 89' lang='lat' dir='ltr'>illius1</span> <span class='ocrx_word' id='word_1_89' title='bbox 1024 1093 1194 1153; x_wconf 88' lang='lat' dir='ltr'>mercedem</span> <span class='ocrx_word' id='word_1_90' title='bbox 1227 1092 1399 1169; x_wconf 84' lang='lat' dir='ltr'>accipient.</span> <span class='ocrx_word' id='word_1_91' title='bbox 1416 1090 1492 1151; x_wconf 87' lang='lat' dir='ltr'>sicut</span> 
     </span>
     <span class='ocr_line' id='line_1_10' title="bbox 295 1171 1492 1251; baseline -0.003 -16"><span class='ocrx_word' id='word_1_92' title='bbox 295 1192 312 1235; x_wconf 91' lang='lat' dir='ltr'>e</span> <span class='ocrx_word' id='word_1_93' title='bbox 333 1174 481 1235; x_wconf 91' lang='lat' dir='ltr'>contrario</span> <span class='ocrx_word' id='word_1_94' title='bbox 502 1172 555 1251; x_wconf 92' lang='lat' dir='ltr'>qui</span> <span class='ocrx_word' id='word_1_95' title='bbox 571 1176 650 1235; x_wconf 90' lang='lat' dir='ltr'>male</span> <span class='ocrx_word' id='word_1_96' title='bbox 667 1171 798 1251; x_wconf 62' lang='lat' dir='ltr'>agenti.</span> <span class='ocrx_word' id='word_1_97' title='bbox 809 1184 839 1233; x_wconf 90' lang='lat' dir='ltr'>et</span> <span class='ocrx_word' id='word_1_98' title='bbox 859 1173 1027 1234; x_wconf 82' lang='lat' dir='ltr'>castitatem</span> <span class='ocrx_word' id='word_1_99' title='bbox 1046 1194 1105 1235; x_wconf 90' lang='lat' dir='ltr'>nec</span> <span class='ocrx_word' id='word_1_100' title='bbox 1124 1174 1267 1234; x_wconf 91' lang='lat' dir='ltr'>iustitiam</span> <span class='ocrx_word' id='word_1_101' title='bbox 1285 1180 1492 1244; x_wconf 85' lang='lat' dir='ltr'>semant†.et</span> 
     </span>
     <span class='ocr_line' id='line_1_11' title="bbox 294 1253 1493 1333; baseline 0 -20"><span class='ocrx_word' id='word_1_102' title='bbox 294 1254 564 1332; x_wconf 87' lang='lat' dir='ltr'>quotienscumque</span> <span class='ocrx_word' id='word_1_103' title='bbox 590 1274 696 1314; x_wconf 83' lang='lat' dir='ltr'>causas</span> <span class='ocrx_word' id='word_1_104' title='bbox 723 1253 873 1314; x_wconf 85' lang='lat' dir='ltr'>audierint</span> <span class='ocrx_word' id='word_1_105' title='bbox 899 1274 1024 1314; x_wconf 90' lang='lat' dir='ltr'>munera</span> <span class='ocrx_word' id='word_1_106' title='bbox 1050 1256 1190 1333; x_wconf 75' lang='lat' dir='ltr'>semper²</span> <span class='ocrx_word' id='word_1_107' title='bbox 1210 1255 1387 1314; x_wconf 91' lang='lat' dir='ltr'>innocentes</span> <span class='ocrx_word' id='word_1_108' title='bbox 1415 1255 1493 1314; x_wconf 90' lang='lat' dir='ltr'>acci·</span> 
     </span>
     <span class='ocr_line' id='line_1_12' title="bbox 293 1335 1494 1414; baseline -0.001 -20"><span class='ocrx_word' id='word_1_109' title='bbox 293 1337 379 1412; x_wconf 89' lang='lat' dir='ltr'>pient</span> <span class='ocrx_word' id='word_1_110' title='bbox 394 1382 402 1397; x_wconf 92' lang='lat'>.</span> <span class='ocrx_word' id='word_1_111' title='bbox 417 1339 664 1414; x_wconf 82' lang='lat' dir='ltr'>quantiscumque</span> <span class='ocrx_word' id='word_1_112' title='bbox 684 1337 856 1412; x_wconf 85' lang='lat' dir='ltr'>exemplum</span> <span class='ocrx_word' id='word_1_113' title='bbox 877 1338 956 1395; x_wconf 91' lang='lat' dir='ltr'>male</span> <span class='ocrx_word' id='word_1_114' title='bbox 976 1335 1099 1397; x_wconf 89' lang='lat' dir='ltr'>uiuendi</span> <span class='ocrx_word' id='word_1_115' title='bbox 1119 1337 1290 1413; x_wconf 90' lang='lat' dir='ltr'>prebuerint</span> <span class='ocrx_word' id='word_1_116' title='bbox 1304 1380 1312 1395; x_wconf 91' lang='lat'>.</span> <span class='ocrx_word' id='word_1_117' title='bbox 1327 1355 1383 1413; x_wconf 94' lang='lat' dir='ltr'>pro</span> <span class='ocrx_word' id='word_1_118' title='bbox 1403 1335 1494 1395; x_wconf 90' lang='lat' dir='ltr'>tantis</span> 
     </span>
     <span class='ocr_line' id='line_1_13' title="bbox 295 1414 1490 1495; baseline -0.002 -18"><span class='ocrx_word' id='word_1_119' title='bbox 295 1428 398 1495; x_wconf 88' lang='lat' dir='ltr'>eterna</span> <span class='ocrx_word' id='word_1_120' title='bbox 430 1417 576 1495; x_wconf 90' lang='lat' dir='ltr'>supplicia</span> <span class='ocrx_word' id='word_1_121' title='bbox 603 1416 790 1477; x_wconf 86' lang='lat' dir='ltr'>sustinebunt</span> <span class='ocrx_word' id='word_1_122' title='bbox 809 1460 817 1475; x_wconf 91' lang='lat'>.</span> <span class='ocrx_word' id='word_1_123' title='bbox 836 1418 897 1477; x_wconf 88' lang='lat' dir='ltr'>Sed</span> <span class='ocrx_word' id='word_1_124' title='bbox 928 1419 1084 1477; x_wconf 88' lang='lat' dir='ltr'>credamus</span> <span class='ocrx_word' id='word_1_125' title='bbox 1116 1420 1156 1478; x_wconf 92' lang='lat' dir='ltr'>de</span> <span class='ocrx_word' id='word_1_126' title='bbox 1185 1420 1236 1478; x_wconf 91' lang='lat' dir='ltr'>dei</span> <span class='ocrx_word' id='word_1_127' title='bbox 1266 1414 1490 1477; x_wconf 88' lang='lat' dir='ltr'>misericordia.</span> 
     </span>
     <span class='ocr_line' id='line_1_14' title="bbox 296 1497 1492 1575; baseline -0.002 -18"><span class='ocrx_word' id='word_1_128' title='bbox 296 1500 379 1575; x_wconf 93' lang='lat' dir='ltr'>quod</span> <span class='ocrx_word' id='word_1_129' title='bbox 401 1498 443 1558; x_wconf 90' lang='lat' dir='ltr'>ita</span> <span class='ocrx_word' id='word_1_130' title='bbox 466 1498 554 1559; x_wconf 91' lang='lat' dir='ltr'>nobis</span> <span class='ocrx_word' id='word_1_131' title='bbox 576 1497 731 1574; x_wconf 88' lang='lat' dir='ltr'>inspirauit</span> <span class='ocrx_word' id='word_1_132' title='bbox 752 1517 862 1575; x_wconf 87' lang='lat' dir='ltr'>agere.</span> <span class='ocrx_word' id='word_1_133' title='bbox 878 1509 910 1558; x_wconf 94' lang='lat' dir='ltr'>ut</span> <span class='ocrx_word' id='word_1_134' title='bbox 930 1518 993 1558; x_wconf 93' lang='lat' dir='ltr'>non</span> <span class='ocrx_word' id='word_1_135' title='bbox 1018 1518 1073 1575; x_wconf 90' lang='lat' dir='ltr'>pro</span> <span class='ocrx_word' id='word_1_136' title='bbox 1092 1499 1179 1558; x_wconf 91' lang='lat' dir='ltr'>malis</span> <span class='ocrx_word' id='word_1_137' title='bbox 1199 1498 1340 1575; x_wconf 88' lang='lat' dir='ltr'>operibus</span> <span class='ocrx_word' id='word_1_138' title='bbox 1361 1517 1492 1575; x_wconf 88' lang='lat' dir='ltr'>poenam</span> 
     </span>
     <span class='ocr_line' id='line_1_15' title="bbox 295 1578 1492 1657; baseline -0.002 -18"><span class='ocrx_word' id='word_1_139' title='bbox 295 1579 444 1656; x_wconf 92' lang='lat' dir='ltr'>possimus</span> <span class='ocrx_word' id='word_1_140' title='bbox 464 1579 630 1640; x_wconf 87' lang='lat' dir='ltr'>incurrere.</span> <span class='ocrx_word' id='word_1_141' title='bbox 643 1580 696 1639; x_wconf 92' lang='lat' dir='ltr'>sed</span> <span class='ocrx_word' id='word_1_142' title='bbox 715 1579 809 1656; x_wconf 91' lang='lat' dir='ltr'>magis</span> <span class='ocrx_word' id='word_1_143' title='bbox 827 1598 883 1655; x_wconf 90' lang='lat' dir='ltr'>pro</span> <span class='ocrx_word' id='word_1_144' title='bbox 901 1581 990 1639; x_wconf 91' lang='lat' dir='ltr'>bonis</span> <span class='ocrx_word' id='word_1_145' title='bbox 1008 1582 1048 1640; x_wconf 91' lang='lat' dir='ltr'>ad</span> <span class='ocrx_word' id='word_1_146' title='bbox 1066 1589 1168 1641; x_wconf 89' lang='lat' dir='ltr'>eterna</span> <span class='ocrx_word' id='word_1_147' title='bbox 1186 1579 1299 1657; x_wconf 88' lang='lat' dir='ltr'>premia</span> <span class='ocrx_word' id='word_1_148' title='bbox 1317 1578 1492 1657; x_wconf 88' lang='lat' dir='ltr'>pemenire.</span> 
     </span>
     <span class='ocr_line' id='line_1_16' title="bbox 296 1660 1493 1736; baseline -0.002 -15"><span class='ocrx_word' id='word_1_149' title='bbox 296 1661 464 1722; x_wconf 91' lang='lat' dir='ltr'>Uideamus</span> <span class='ocrx_word' id='word_1_150' title='bbox 485 1662 587 1721; x_wconf 90' lang='lat' dir='ltr'>fratres</span> <span class='ocrx_word' id='word_1_151' title='bbox 607 1661 754 1720; x_wconf 81' lang='lat' dir='ltr'>karissimi</span> <span class='ocrx_word' id='word_1_152' title='bbox 775 1660 929 1736; x_wconf 88' lang='lat' dir='ltr'>tripliciter</span> <span class='ocrx_word' id='word_1_153' title='bbox 949 1662 1088 1721; x_wconf 90' lang='lat' dir='ltr'>eclesiam</span> <span class='ocrx_word' id='word_1_154' title='bbox 1108 1660 1187 1721; x_wconf 92' lang='lat' dir='ltr'>inter</span> <span class='ocrx_word' id='word_1_155' title='bbox 1206 1660 1383 1721; x_wconf 88' lang='lat' dir='ltr'>christianos</span> <span class='ocrx_word' id='word_1_156' title='bbox 1404 1679 1493 1736; x_wconf 90' lang='lat' dir='ltr'>posse</span> 
     </span>
     <span class='ocr_line' id='line_1_17' title="bbox 296 1741 1492 1820; baseline -0.001 -19"><span class='ocrx_word' id='word_1_157' title='bbox 296 1741 429 1802; x_wconf 89' lang='lat' dir='ltr'>construi</span> <span class='ocrx_word' id='word_1_158' title='bbox 442 1787 450 1803; x_wconf 93' lang='lat'>.</span> <span class='ocrx_word' id='word_1_159' title='bbox 463 1743 652 1803; x_wconf 90' lang='lat' dir='ltr'>Construitur</span> <span class='ocrx_word' id='word_1_160' title='bbox 669 1753 769 1802; x_wconf 87' lang='lat' dir='ltr'>autem</span> <span class='ocrx_word' id='word_1_161' title='bbox 789 1742 955 1820; x_wconf 90' lang='lat' dir='ltr'>hystorice.</span> <span class='ocrx_word' id='word_1_162' title='bbox 969 1742 1173 1819; x_wconf 87' lang='lat' dir='ltr'>tropologicae</span> <span class='ocrx_word' id='word_1_163' title='bbox 1187 1786 1195 1801; x_wconf 92' lang='lat'>.</span> <span class='ocrx_word' id='word_1_164' title='bbox 1210 1742 1374 1819; x_wconf 71' lang='lat' dir='ltr'>anagogice</span> <span class='ocrx_word' id='word_1_165' title='bbox 1388 1786 1395 1801; x_wconf 97' lang='lat'>.</span> <span class='ocrx_word' id='word_1_166' title='bbox 1413 1742 1492 1800; x_wconf 92' lang='lat' dir='ltr'>Nam</span> 
     </span>
     <span class='ocr_line' id='line_1_18' title="bbox 297 1821 1495 1901; baseline 0 -20"><span class='ocrx_word' id='word_1_167' title='bbox 297 1824 384 1883; x_wconf 92' lang='lat' dir='ltr'>nobis</span> <span class='ocrx_word' id='word_1_168' title='bbox 406 1821 545 1884; x_wconf 88' lang='lat' dir='ltr'>eclesiam</span> <span class='ocrx_word' id='word_1_169' title='bbox 566 1824 715 1900; x_wconf 91' lang='lat' dir='ltr'>hystorice</span> <span class='ocrx_word' id='word_1_170' title='bbox 736 1822 940 1885; x_wconf 86' lang='lat' dir='ltr'>fabricamus.</span> <span class='ocrx_word' id='word_1_171' title='bbox 961 1824 1042 1901; x_wconf 90' lang='lat' dir='ltr'>quod</span> <span class='ocrx_word' id='word_1_172' title='bbox 1063 1842 1175 1884; x_wconf 90' lang='lat' dir='ltr'>nomen</span> <span class='ocrx_word' id='word_1_173' title='bbox 1196 1822 1405 1899; x_wconf 90' lang='lat' dir='ltr'>interpretatur</span> <span class='ocrx_word' id='word_1_174' title='bbox 1423 1841 1495 1882; x_wconf 91' lang='lat' dir='ltr'>con-</span> 
     </span>
     <span class='ocr_line' id='line_1_19' title="bbox 295 1901 1493 1982; baseline -0.002 -19"><span class='ocrx_word' id='word_1_175' title='bbox 295 1903 428 1982; x_wconf 88' lang='lat' dir='ltr'>gregatio</span> <span class='ocrx_word' id='word_1_176' title='bbox 451 1947 458 1962; x_wconf 94' lang='lat'>.</span> <span class='ocrx_word' id='word_1_177' title='bbox 483 1906 605 1982; x_wconf 89' lang='lat' dir='ltr'>quando</span> <span class='ocrx_word' id='word_1_178' title='bbox 638 1904 677 1964; x_wconf 93' lang='lat' dir='ltr'>de</span> <span class='ocrx_word' id='word_1_179' title='bbox 710 1904 811 1963; x_wconf 92' lang='lat' dir='ltr'>multis</span> <span class='ocrx_word' id='word_1_180' title='bbox 844 1902 933 1980; x_wconf 91' lang='lat' dir='ltr'>lignis</span> <span class='ocrx_word' id='word_1_181' title='bbox 965 1905 1102 1980; x_wconf 90' lang='lat' dir='ltr'>lenigatis</span> <span class='ocrx_word' id='word_1_182' title='bbox 1135 1906 1185 1965; x_wconf 89' lang='lat' dir='ltr'>uel</span> <span class='ocrx_word' id='word_1_183' title='bbox 1220 1906 1309 1965; x_wconf 90' lang='lat' dir='ltr'>sectis</span> <span class='ocrx_word' id='word_1_184' title='bbox 1342 1901 1493 1981; x_wconf 90' lang='lat' dir='ltr'>lapidibus</span> 
     </span>
     <span class='ocr_line' id='line_1_20' title="bbox 295 1984 1495 2063; baseline -0.002 -18"><span class='ocrx_word' id='word_1_185' title='bbox 295 1985 456 2045; x_wconf 88' lang='lat' dir='ltr'>oratorium</span> <span class='ocrx_word' id='word_1_186' title='bbox 477 1984 508 2044; x_wconf 91' lang='lat' dir='ltr'>in</span> <span class='ocrx_word' id='word_1_187' title='bbox 530 2004 591 2062; x_wconf 91' lang='lat' dir='ltr'>quo</span> <span class='ocrx_word' id='word_1_188' title='bbox 612 1984 702 2044; x_wconf 90' lang='lat' dir='ltr'>deum</span> <span class='ocrx_word' id='word_1_189' title='bbox 724 1986 884 2045; x_wconf 90' lang='lat' dir='ltr'>adoremus</span> <span class='ocrx_word' id='word_1_190' title='bbox 904 1984 1101 2046; x_wconf 89' lang='lat' dir='ltr'>constmimus</span> <span class='ocrx_word' id='word_1_191' title='bbox 1115 2031 1123 2047; x_wconf 93' lang='lat'>.</span> <span class='ocrx_word' id='word_1_192' title='bbox 1139 2005 1229 2063; x_wconf 89' lang='lat' dir='ltr'>quam</span> <span class='ocrx_word' id='word_1_193' title='bbox 1250 1986 1374 2045; x_wconf 91' lang='lat' dir='ltr'>domum</span> <span class='ocrx_word' id='word_1_194' title='bbox 1393 2004 1495 2044; x_wconf 90' lang='lat' dir='ltr'>manu-</span> 
     </span>
     <span class='ocr_line' id='line_1_21' title="bbox 296 2062 1491 2146; baseline 0.002 -23"><span class='ocrx_word' id='word_1_195' title='bbox 296 2067 406 2125; x_wconf 81' lang='lat' dir='ltr'>factam</span> <span class='ocrx_word' id='word_1_196' title='bbox 434 2076 555 2143; x_wconf 92' lang='lat' dir='ltr'>propter</span> <span class='ocrx_word' id='word_1_197' title='bbox 579 2065 712 2125; x_wconf 82' lang='lat' dir='ltr'>fidelium</span> <span class='ocrx_word' id='word_1_198' title='bbox 736 2062 1020 2144; x_wconf 68' lang='lat' dir='ltr'>[congregationem</span> <span class='ocrx_word' id='word_1_199' title='bbox 1044 2067 1203 2127; x_wconf 88' lang='lat' dir='ltr'>ecclesiam</span> <span class='ocrx_word' id='word_1_200' title='bbox 1227 2066 1322 2126; x_wconf 92' lang='lat' dir='ltr'>nomi·</span> <span class='ocrx_word' id='word_1_201' title='bbox 1365 2064 1426 2146; x_wconf 86' lang='lat' dir='ltr'>[fol.</span> <span class='ocrx_word' id='word_1_202' title='bbox 1443 2086 1491 2143; x_wconf 86' lang='lat'>93.</span> 
     </span>
     <span class='ocr_line' id='line_1_22' title="bbox 297 2146 1496 2226; baseline -0.001 -20"><span class='ocrx_word' id='word_1_203' title='bbox 297 2166 425 2207; x_wconf 89' lang='lat' dir='ltr'>namus.</span> <span class='ocrx_word' id='word_1_204' title='bbox 444 2150 513 2207; x_wconf 89' lang='lat' dir='ltr'>Hac</span> <span class='ocrx_word' id='word_1_205' title='bbox 528 2146 611 2224; x_wconf 89' lang='lat' dir='ltr'>atqni</span> <span class='ocrx_word' id='word_1_206' title='bbox 631 2148 726 2223; x_wconf 89' lang='lat' dir='ltr'>figura</span> <span class='ocrx_word' id='word_1_207' title='bbox 745 2146 906 2207; x_wconf 88' lang='lat' dir='ltr'>locutionis</span> <span class='ocrx_word' id='word_1_208' title='bbox 919 2148 951 2207; x_wconf 91' lang='lat' dir='ltr'>in</span> <span class='ocrx_word' id='word_1_209' title='bbox 964 2157 1069 2207; x_wconf 88' lang='lat' dir='ltr'>sancta</span> <span class='ocrx_word' id='word_1_210' title='bbox 1090 2149 1234 2226; x_wconf 88' lang='lat' dir='ltr'>scriptura</span> <span class='ocrx_word' id='word_1_211' title='bbox 1254 2149 1353 2226; x_wconf 90' lang='lat' dir='ltr'>sepius</span> <span class='ocrx_word' id='word_1_212' title='bbox 1374 2157 1496 2206; x_wconf 91' lang='lat' dir='ltr'>utunmr</span> 
     </span>
     <span class='ocr_line' id='line_1_23' title="bbox 296 2228 1496 2307; baseline -0.001 -19"><span class='ocrx_word' id='word_1_213' title='bbox 296 2241 448 2289; x_wconf 91' lang='lat' dir='ltr'>oratores.</span> <span class='ocrx_word' id='word_1_214' title='bbox 464 2241 498 2288; x_wconf 91' lang='lat' dir='ltr'>ut</span> <span class='ocrx_word' id='word_1_215' title='bbox 522 2228 722 2304; x_wconf 73' lang='lat' dir='ltr'>metonomice</span> <span class='ocrx_word' id='word_1_216' title='bbox 743 2228 803 2287; x_wconf 94' lang='lat' dir='ltr'>hoc</span> <span class='ocrx_word' id='word_1_217' title='bbox 823 2230 907 2305; x_wconf 93' lang='lat' dir='ltr'>quod</span> <span class='ocrx_word' id='word_1_218' title='bbox 930 2229 1100 2289; x_wconf 89' lang='lat' dir='ltr'>continetur</span> <span class='ocrx_word' id='word_1_219' title='bbox 1123 2241 1174 2290; x_wconf 95' lang='lat' dir='ltr'>aut</span> <span class='ocrx_word' id='word_1_220' title='bbox 1198 2228 1281 2307; x_wconf 90' lang='lat' dir='ltr'>qnod</span> <span class='ocrx_word' id='word_1_221' title='bbox 1304 2228 1496 2289; x_wconf 77' lang='lat' dir='ltr'>continetur³</span> 
     </span>
     <span class='ocr_line' id='line_1_24' title="bbox 297 2309 1494 2387; baseline -0.002 -17"><span class='ocrx_word' id='word_1_222' title='bbox 297 2329 351 2386; x_wconf 91' lang='lat' dir='ltr'>per</span> <span class='ocrx_word' id='word_1_223' title='bbox 379 2310 438 2370; x_wconf 92' lang='lat' dir='ltr'>hoc</span> <span class='ocrx_word' id='word_1_224' title='bbox 469 2310 551 2386; x_wconf 90' lang='lat' dir='ltr'>qnod</span> <span class='ocrx_word' id='word_1_225' title='bbox 581 2309 717 2369; x_wconf 88' lang='lat' dir='ltr'>continet</span> <span class='ocrx_word' id='word_1_226' title='bbox 743 2309 923 2385; x_wconf 90' lang='lat' dir='ltr'>designent.</span> <span class='ocrx_word' id='word_1_227' title='bbox 939 2310 1140 2387; x_wconf 90' lang='lat' dir='ltr'>Tropologice</span> <span class='ocrx_word' id='word_1_228' title='bbox 1175 2326 1279 2371; x_wconf 88' lang='lat' dir='ltr'>autem</span> <span class='ocrx_word' id='word_1_229' title='bbox 1315 2309 1494 2370; x_wconf 91' lang='lat' dir='ltr'>construitur</span> 
     </span>
     <span class='ocr_line' id='line_1_25' title="bbox 296 2389 1494 2467; baseline 0 -17"><span class='ocrx_word' id='word_1_230' title='bbox 296 2389 442 2451; x_wconf 88' lang='lat' dir='ltr'>ecclesia.</span> <span class='ocrx_word' id='word_1_231' title='bbox 455 2392 577 2467; x_wconf 88' lang='lat' dir='ltr'>quaudo</span> <span class='ocrx_word' id='word_1_232' title='bbox 597 2390 712 2449; x_wconf 91' lang='lat' dir='ltr'>unitate</span> <span class='ocrx_word' id='word_1_233' title='bbox 729 2390 800 2450; x_wconf 88' lang='lat' dir='ltr'>fidei</span> <span class='ocrx_word' id='word_1_234' title='bbox 818 2409 875 2450; x_wconf 93' lang='lat' dir='ltr'>nos</span> <span class='ocrx_word' id='word_1_235' title='bbox 895 2410 1001 2451; x_wconf 89' lang='lat' dir='ltr'>omnes</span> <span class='ocrx_word' id='word_1_236' title='bbox 1023 2393 1072 2451; x_wconf 92' lang='lat' dir='ltr'>uel</span> <span class='ocrx_word' id='word_1_237' title='bbox 1092 2391 1179 2452; x_wconf 91' lang='lat' dir='ltr'>multi</span> <span class='ocrx_word' id='word_1_238' title='bbox 1191 2393 1248 2453; x_wconf 90' lang='lat' dir='ltr'>.ad</span> <span class='ocrx_word' id='word_1_239' title='bbox 1266 2389 1355 2451; x_wconf 91' lang='lat' dir='ltr'>unius</span> <span class='ocrx_word' id='word_1_240' title='bbox 1374 2391 1494 2451; x_wconf 86' lang='lat' dir='ltr'>laudem</span> 
     </span>
     <span class='ocr_line' id='line_1_26' title="bbox 297 2468 1495 2550; baseline -0.001 -18"><span class='ocrx_word' id='word_1_241' title='bbox 297 2483 327 2532; x_wconf 88' lang='lat' dir='ltr'>et</span> <span class='ocrx_word' id='word_1_242' title='bbox 346 2472 471 2550; x_wconf 89' lang='lat' dir='ltr'>gloriam</span> <span class='ocrx_word' id='word_1_243' title='bbox 486 2468 614 2531; x_wconf 91' lang='lat' dir='ltr'>nominis</span> <span class='ocrx_word' id='word_1_244' title='bbox 635 2472 686 2532; x_wconf 92' lang='lat' dir='ltr'>dei</span> <span class='ocrx_word' id='word_1_245' title='bbox 696 2516 705 2531; x_wconf 93' lang='lat'>.</span> <span class='ocrx_word' id='word_1_246' title='bbox 717 2470 870 2532; x_wconf 88' lang='lat' dir='ltr'>dicentes.</span> <span class='ocrx_word' id='word_1_247' title='bbox 883 2472 974 2533; x_wconf 88' lang='lat' dir='ltr'>credo</span> <span class='ocrx_word' id='word_1_248' title='bbox 994 2472 1026 2531; x_wconf 90' lang='lat' dir='ltr'>in</span> <span class='ocrx_word' id='word_1_249' title='bbox 1043 2493 1136 2532; x_wconf 91' lang='lat' dir='ltr'>unum</span> <span class='ocrx_word' id='word_1_250' title='bbox 1157 2475 1249 2533; x_wconf 91' lang='lat' dir='ltr'>deum</span> <span class='ocrx_word' id='word_1_251' title='bbox 1265 2482 1381 2550; x_wconf 90' lang='lat' dir='ltr'>patrem</span> <span class='ocrx_word' id='word_1_252' title='bbox 1400 2473 1495 2532; x_wconf 89' lang='lat' dir='ltr'>omni-</span> 
     </span>
     <span class='ocr_line' id='line_1_27' title="bbox 296 2550 1496 2632; baseline 0.001 -20"><span class='ocrx_word' id='word_1_253' title='bbox 296 2564 470 2631; x_wconf 91' lang='lat' dir='ltr'>potentem.</span> <span class='ocrx_word' id='word_1_254' title='bbox 484 2552 588 2611; x_wconf 92' lang='lat' dir='ltr'>diuino</span> <span class='ocrx_word' id='word_1_255' title='bbox 605 2550 747 2612; x_wconf 90' lang='lat' dir='ltr'>instinctu</span> <span class='ocrx_word' id='word_1_256' title='bbox 768 2572 870 2613; x_wconf 90' lang='lat' dir='ltr'>amore</span> <span class='ocrx_word' id='word_1_257' title='bbox 888 2566 1090 2613; x_wconf 87' lang='lat' dir='ltr'>consonantes</span> <span class='ocrx_word' id='word_1_258' title='bbox 1110 2566 1140 2614; x_wconf 89' lang='lat' dir='ltr'>et</span> <span class='ocrx_word' id='word_1_259' title='bbox 1158 2554 1358 2632; x_wconf 87' lang='lat' dir='ltr'>glorificantes</span> <span class='ocrx_word' id='word_1_260' title='bbox 1374 2573 1496 2632; x_wconf 90' lang='lat' dir='ltr'>congre-</span> 
     </span>
     <span class='ocr_line' id='line_1_28' title="bbox 296 2635 1495 2712; baseline 0.001 -18"><span class='ocrx_word' id='word_1_261' title='bbox 296 2655 400 2712; x_wconf 91' lang='lat' dir='ltr'>gamur</span> <span class='ocrx_word' id='word_1_262' title='bbox 414 2681 422 2695; x_wconf 88' lang='lat'>.</span> <span class='ocrx_word' id='word_1_263' title='bbox 438 2637 494 2695; x_wconf 87' lang='lat' dir='ltr'>Est</span> <span class='ocrx_word' id='word_1_264' title='bbox 524 2653 596 2694; x_wconf 88' lang='lat' dir='ltr'>uero</span> <span class='ocrx_word' id='word_1_265' title='bbox 627 2635 735 2694; x_wconf 93' lang='lat' dir='ltr'>eclesia</span> <span class='ocrx_word' id='word_1_266' title='bbox 759 2635 944 2712; x_wconf 73' lang='lat' dir='ltr'>anagogice.</span> <span class='ocrx_word' id='word_1_267' title='bbox 962 2655 1052 2712; x_wconf 91' lang='lat' dir='ltr'>quam</span> <span class='ocrx_word' id='word_1_268' title='bbox 1089 2656 1215 2697; x_wconf 87' lang='lat' dir='ltr'>necesse</span> <span class='ocrx_word' id='word_1_269' title='bbox 1250 2646 1296 2697; x_wconf 93' lang='lat' dir='ltr'>est</span> <span class='ocrx_word' id='word_1_270' title='bbox 1327 2647 1360 2695; x_wconf 92' lang='lat' dir='ltr'>ut</span> <span class='ocrx_word' id='word_1_271' title='bbox 1398 2635 1495 2696; x_wconf 92' lang='lat' dir='ltr'>fidelis</span> 
     </span>
     <span class='ocr_line' id='line_1_29' title="bbox 238 2714 1495 2793; baseline 0 -18"><span class='ocrx_word' id='word_1_272' title='bbox 238 2749 240 2754; x_wconf 68' lang='lat'>,</span> <span class='ocrx_word' id='word_1_273' title='bbox 297 2717 423 2793; x_wconf 90' lang='lat' dir='ltr'>quisque</span> <span class='ocrx_word' id='word_1_274' title='bbox 446 2716 479 2775; x_wconf 90' lang='lat' dir='ltr'>in</span> <span class='ocrx_word' id='word_1_275' title='bbox 499 2715 591 2775; x_wconf 89' lang='lat' dir='ltr'>corde</span> <span class='ocrx_word' id='word_1_276' title='bbox 615 2734 670 2775; x_wconf 93' lang='lat' dir='ltr'>suo</span> <span class='ocrx_word' id='word_1_277' title='bbox 695 2734 732 2775; x_wconf 83' lang='lat' dir='ltr'>ex</span> <span class='ocrx_word' id='word_1_278' title='bbox 758 2714 899 2792; x_wconf 90' lang='lat' dir='ltr'>predictis</span> <span class='ocrx_word' id='word_1_279' title='bbox 923 2716 954 2775; x_wconf 92' lang='lat' dir='ltr'>in</span> <span class='ocrx_word' id='word_1_280' title='bbox 982 2718 1040 2775; x_wconf 90' lang='lat' dir='ltr'>hac</span> <span class='ocrx_word' id='word_1_281' title='bbox 1067 2716 1197 2778; x_wconf 89' lang='lat' dir='ltr'>lectione</span> <span class='ocrx_word' id='word_1_282' title='bbox 1225 2717 1383 2778; x_wconf 88' lang='lat' dir='ltr'>uirtutibus</span> <span class='ocrx_word' id='word_1_283' title='bbox 1411 2717 1495 2793; x_wconf 90' lang='lat' dir='ltr'>quasi</span> 
     </span>
     <span class='ocr_line' id='line_1_30' title="bbox 296 2795 1496 2876; baseline 0 -20"><span class='ocrx_word' id='word_1_284' title='bbox 296 2797 397 2857; x_wconf 89' lang='lat' dir='ltr'>multis</span> <span class='ocrx_word' id='word_1_285' title='bbox 417 2795 565 2874; x_wconf 88' lang='lat' dir='ltr'>lapidibus</span> <span class='ocrx_word' id='word_1_286' title='bbox 586 2806 758 2857; x_wconf 88' lang='lat' dir='ltr'>construat.</span> <span class='ocrx_word' id='word_1_287' title='bbox 775 2816 849 2874; x_wconf 91' lang='lat' dir='ltr'>quas</span> <span class='ocrx_word' id='word_1_288' title='bbox 870 2797 960 2858; x_wconf 87' lang='lat' dir='ltr'>etiam</span> <span class='ocrx_word' id='word_1_289' title='bbox 982 2796 1108 2858; x_wconf 89' lang='lat' dir='ltr'>uirtutes</span> <span class='ocrx_word' id='word_1_290' title='bbox 1130 2810 1163 2858; x_wconf 90' lang='lat' dir='ltr'>ut</span> <span class='ocrx_word' id='word_1_291' title='bbox 1188 2799 1304 2876; x_wconf 89' lang='lat' dir='ltr'>lapides</span> <span class='ocrx_word' id='word_1_292' title='bbox 1328 2800 1401 2858; x_wconf 91' lang='lat' dir='ltr'>limo</span> <span class='ocrx_word' id='word_1_293' title='bbox 1421 2799 1496 2857; x_wconf 88' lang='lat' dir='ltr'>kari-</span> 
     </span>
     <span class='ocr_line' id='line_1_31' title="bbox 295 2876 1496 2957; baseline 0 -20"><span class='ocrx_word' id='word_1_294' title='bbox 295 2889 357 2939; x_wconf 90' lang='lat' dir='ltr'>tate</span> <span class='ocrx_word' id='word_1_295' title='bbox 386 2877 434 2938; x_wconf 91' lang='lat' dir='ltr'>dei</span> <span class='ocrx_word' id='word_1_296' title='bbox 462 2888 493 2938; x_wconf 91' lang='lat' dir='ltr'>et</span> <span class='ocrx_word' id='word_1_297' title='bbox 519 2876 649 2954; x_wconf 86' lang='lat' dir='ltr'>proximi</span> <span class='ocrx_word' id='word_1_298' title='bbox 664 2923 672 2937; x_wconf 88' lang='lat'>.</span> <span class='ocrx_word' id='word_1_299' title='bbox 687 2897 726 2938; x_wconf 91' lang='lat' dir='ltr'>ne</span> <span class='ocrx_word' id='word_1_300' title='bbox 753 2876 869 2955; x_wconf 90' lang='lat' dir='ltr'>antiqui</span> <span class='ocrx_word' id='word_1_301' title='bbox 896 2877 990 2938; x_wconf 92' lang='lat' dir='ltr'>hostis</span> <span class='ocrx_word' id='word_1_302' title='bbox 1018 2879 1158 2938; x_wconf 89' lang='lat' dir='ltr'>machina</span> <span class='ocrx_word' id='word_1_303' title='bbox 1185 2883 1236 2940; x_wconf 90' lang='lat' dir='ltr'>uel</span> <span class='ocrx_word' id='word_1_304' title='bbox 1262 2880 1355 2957; x_wconf 91' lang='lat' dir='ltr'>ariete</span> <span class='ocrx_word' id='word_1_305' title='bbox 1384 2879 1496 2957; x_wconf 90' lang='lat' dir='ltr'>disper-</span> 
     </span>
     <span class='ocr_line' id='line_1_32' title="bbox 295 2957 1495 3039; baseline 0.002 -21"><span class='ocrx_word' id='word_1_306' title='bbox 295 2970 402 3036; x_wconf 88' lang='lat' dir='ltr'>gantur</span> <span class='ocrx_word' id='word_1_307' title='bbox 429 2958 637 3036; x_wconf 89' lang='lat' dir='ltr'>conglutinet.</span> <span class='ocrx_word' id='word_1_308' title='bbox 653 2970 686 3018; x_wconf 89' lang='lat' dir='ltr'>ut</span> <span class='ocrx_word' id='word_1_309' title='bbox 714 2957 744 3017; x_wconf 89' lang='lat' dir='ltr'>in</span> <span class='ocrx_word' id='word_1_310' title='bbox 778 2970 913 3019; x_wconf 90' lang='lat' dir='ltr'>eternum</span> <span class='ocrx_word' id='word_1_311' title='bbox 940 2959 973 3018; x_wconf 91' lang='lat' dir='ltr'>in</span> <span class='ocrx_word' id='word_1_312' title='bbox 1007 2959 1132 3021; x_wconf 91' lang='lat' dir='ltr'>domino</span> <span class='ocrx_word' id='word_1_313' title='bbox 1163 2960 1276 3021; x_wconf 84' lang='lat' dir='ltr'>fabrica</span> <span class='ocrx_word' id='word_1_314' title='bbox 1303 2973 1495 3039; x_wconf 90' lang='lat' dir='ltr'>perseueret.</span> 
     </span>
     <span class='ocr_line' id='line_1_33' title="bbox 296 3038 1391 3118; baseline 0.005 -20"><span class='ocrx_word' id='word_1_315' title='bbox 296 3043 368 3118; x_wconf 89' lang='lat' dir='ltr'>Ipso</span> <span class='ocrx_word' id='word_1_316' title='bbox 390 3050 540 3117; x_wconf 88' lang='lat' dir='ltr'>prestante</span> <span class='ocrx_word' id='word_1_317' title='bbox 561 3038 612 3117; x_wconf 92' lang='lat' dir='ltr'>qui</span> <span class='ocrx_word' id='word_1_318' title='bbox 633 3039 707 3099; x_wconf 93' lang='lat' dir='ltr'>uiuit</span> <span class='ocrx_word' id='word_1_319' title='bbox 727 3059 763 3100; x_wconf 90' lang='lat' dir='ltr'>ac</span> <span class='ocrx_word' id='word_1_320' title='bbox 783 3051 888 3118; x_wconf 88' lang='lat' dir='ltr'>regnat</span> <span class='ocrx_word' id='word_1_321' title='bbox 908 3039 939 3100; x_wconf 90' lang='lat' dir='ltr'>in</span> <span class='ocrx_word' id='word_1_322' title='bbox 961 3043 1063 3101; x_wconf 90' lang='lat' dir='ltr'>secula</span> <span class='ocrx_word' id='word_1_323' title='bbox 1083 3043 1252 3103; x_wconf 89' lang='lat' dir='ltr'>seculorum</span> <span class='ocrx_word' id='word_1_324' title='bbox 1266 3043 1391 3104; x_wconf 76' lang='lat' dir='ltr'>Amen.⁴</span> 
     </span>
    </p>
   </div>
   <div class='ocr_carea' id='block_1_3' title="bbox 520 3194 1311 3455">
    <p class='ocr_par' dir='ltr' id='par_1_3' title="bbox 520 3194 666 3258">
     <span class='ocr_line' id='line_1_34' title="bbox 520 3194 666 3258; baseline 0.021 -16"><span class='ocrx_word' id='word_1_325' title='bbox 520 3195 529 3222; x_wconf 93' lang='lat'><strong>¹</strong></span> <span class='ocrx_word' id='word_1_326' title='bbox 546 3195 590 3258; x_wconf 77' lang='lat' dir='ltr'>leg.</span> <span class='ocrx_word' id='word_1_327' title='bbox 609 3194 666 3245; x_wconf 83' lang='lat' dir='ltr'>illis.</span> 
     </span>
    </p>

    <p class='ocr_par' dir='ltr' id='par_1_4' title="bbox 521 3259 686 3324">
     <span class='ocr_line' id='line_1_35' title="bbox 521 3259 686 3324; baseline 0.012 -17"><span class='ocrx_word' id='word_1_328' title='bbox 521 3259 531 3288; x_wconf 80' lang='lat'><strong>²</strong></span> <span class='ocrx_word' id='word_1_329' title='bbox 547 3263 590 3324; x_wconf 76' lang='lat' dir='ltr'>leg.</span> <span class='ocrx_word' id='word_1_330' title='bbox 605 3276 686 3324; x_wconf 88' lang='lat' dir='ltr'>super.</span> 
     </span>
    </p>

    <p class='ocr_par' dir='ltr' id='par_1_5' title="bbox 521 3324 1311 3455">
     <span class='ocr_line' id='line_1_36' title="bbox 521 3324 1311 3394; baseline 0.006 -21"><span class='ocrx_word' id='word_1_331' title='bbox 521 3324 531 3352; x_wconf 82' lang='lat'><strong>³</strong></span> <span class='ocrx_word' id='word_1_332' title='bbox 546 3325 602 3374; x_wconf 90' lang='lat' dir='ltr'>The</span> <span class='ocrx_word' id='word_1_333' title='bbox 615 3326 696 3375; x_wconf 88' lang='lat' dir='ltr'>words</span> <span class='ocrx_word' id='word_1_334' title='bbox 707 3330 753 3372; x_wconf 84' lang='lat' dir='ltr'>aut</span> <span class='ocrx_word' id='word_1_335' title='bbox 761 3326 828 3389; x_wconf 84' lang='lat' dir='ltr'>quod</span> <span class='ocrx_word' id='word_1_336' title='bbox 835 3327 977 3375; x_wconf 79' lang='lat' dir='ltr'>continetur</span> <span class='ocrx_word' id='word_1_337' title='bbox 987 3342 1055 3377; x_wconf 86' lang='lat' dir='ltr'>seem</span> <span class='ocrx_word' id='word_1_338' title='bbox 1067 3335 1093 3377; x_wconf 93' lang='lat' dir='ltr'>to</span> <span class='ocrx_word' id='word_1_339' title='bbox 1104 3329 1137 3378; x_wconf 90' lang='lat' dir='ltr'>be</span> <span class='ocrx_word' id='word_1_340' title='bbox 1148 3329 1311 3394; x_wconf 86' lang='lat' dir='ltr'>superfluous.</span> 
     </span>
     <span class='ocr_line' id='line_1_37' title="bbox 521 3390 1140 3455; baseline 0.01 -17"><span class='ocrx_word' id='word_1_341' title='bbox 521 3390 530 3416; x_wconf 87' lang='lat'><strong>⁴</strong></span> <span class='ocrx_word' id='word_1_342' title='bbox 548 3390 615 3440; x_wconf 92' lang='lat' dir='ltr'>Fols.</span> <span class='ocrx_word' id='word_1_343' title='bbox 634 3403 666 3454; x_wconf 86' lang='lat'>93</span> <span class='ocrx_word' id='word_1_344' title='bbox 683 3405 764 3451; x_wconf 90' lang='lat' dir='ltr'>verso,</span> <span class='ocrx_word' id='word_1_345' title='bbox 782 3403 823 3453; x_wconf 90' lang='lat'>94,</span> <span class='ocrx_word' id='word_1_346' title='bbox 842 3404 876 3455; x_wconf 91' lang='lat'>94</span> <span class='ocrx_word' id='word_1_347' title='bbox 891 3407 973 3452; x_wconf 84' lang='lat' dir='ltr'>verso,</span> <span class='ocrx_word' id='word_1_348' title='bbox 992 3408 1034 3443; x_wconf 87' lang='lat' dir='ltr'>are</span> <span class='ocrx_word' id='word_1_349' title='bbox 1052 3394 1140 3445; x_wconf 86' lang='lat' dir='ltr'>blanlr.</span> 
     </span>
    </p>
   </div>
   <div class='ocr_carea' id='block_1_4' title="bbox 0 0 1700 5250">
    <p class='ocr_par' dir='ltr' id='par_1_6' title="bbox 0 0 1700 5250">
     <span class='ocr_line' id='line_1_38' title="bbox 0 0 1700 5250; baseline 0 0"><span class='ocrx_word' id='word_1_350' title='bbox 0 0 1700 5250; x_wconf 95' lang='lat' dir='ltr'> </span> 
     </span>
    </p>
   </div>
  </div>
 </body>
</html>
