3375 5250
306 430 353 481 108
700 439 942 491 BENEDICTIO
962 441 1114 490 SCRINII.

303 617 486 679 quesumus
515 598 720 664 ineffabilem
744 600 959 665 clementiam
986 611 1154 667 tuam.ut
1183 611 1221 666 tu
1244 602 1303 685 qui
1326 623 1363 665 es
1384 601 1514 684 lignum

304 684 394 747 uitae
410 735 417 748 .
434 685 660 769 paradysique
704 699 877 770 reparator
891 740 899 753 .
915 709 937 751 a
973 689 1071 752 nobis
1108 690 1264 755 omnibus
1301 691 1336 753 in
1375 698 1408 753 te
1445 710 1515 753 cre-

303 771 483 836 dentibus.
500 783 535 835 et
565 774 698 857 signum
729 774 921 857 praecelsae
950 778 1183 841 admirationis
1215 777 1425 842 colentibus.
1442 776 1514 839 dira

302 859 467 940 serpentis
504 879 634 924 uenena
664 862 869 945 extinguas.
885 873 920 927 et
956 884 1016 946 per
1052 865 1195 947 gratiam
1233 866 1368 947 spiritus
1405 864 1512 928 sancti

302 946 460 1025 poculum
485 948 581 1010 nobis
603 948 721 1013 salutis
743 969 878 1032 semper
899 949 1058 1015 infundas
1074 1001 1082 1017 .
1098 973 1159 1035 per
1180 952 1366 1016 dominum.

301 1172 394 1237 Haec
419 1176 524 1239 oratio
548 1177 678 1241 dabatur
702 1178 737 1240 si
755 1200 840 1242 crux
858 1178 1057 1242 adornetur.
1073 1176 1219 1258 alioquin
1237 1173 1514 1257 pretermittatur.

308 1312 478 1436 RAdiet
508 1314 563 1379 hic
593 1316 756 1398 unigeniti
787 1315 846 1379 filii
876 1317 926 1379 tui
956 1315 1115 1399 splendor
1137 1312 1323 1378 diuinitatis
1347 1311 1382 1373 in
1404 1330 1510 1373 auro.

416 1402 537 1465 emicet
567 1402 674 1485 gloria
704 1404 869 1485 passionis
899 1404 971 1467 eius
1001 1402 1035 1466 in
1062 1402 1176 1485 ligno.
1193 1402 1227 1463 in
1257 1418 1373 1463 cruore
1395 1395 1508 1461 rutilet

302 1498 436 1552 nostrae
467 1489 582 1553 mortis
613 1492 800 1573 redemptio
816 1538 825 1556 .
840 1492 875 1553 in
900 1490 1078 1574 splendore
1100 1487 1238 1552 cristalli
1263 1495 1397 1550 nostrae
1419 1485 1510 1547 uitae

302 1574 513 1657 purificatio.
530 1576 583 1641 Sit
613 1585 746 1642 tuorum
777 1579 943 1662 protectio
966 1577 1039 1661 lspe
1063 1585 1154 1641 certa
1177 1574 1321 1639 fiducia.
1340 1568 1412 1658 [fol.
1440 1585 1509 1651 127.

302 1682 362 1725 nos
396 1662 496 1726 simul
530 1684 607 1727 cum
637 1673 738 1747 gente
768 1676 802 1729 et
832 1665 932 1747 plebe
962 1664 1028 1729 fide
1057 1663 1257 1728 confirmet.
1273 1681 1332 1742 spe
1361 1658 1506 1723 solidet.

302 1768 385 1831 pace
414 1751 607 1815 consociet.
623 1762 747 1834 augeat
772 1752 983 1835 triumphos.
1000 1750 1182 1836 amplificet
1204 1748 1341 1813 secula.
1357 1744 1509 1829 proficiat

301 1835 398 1900 nobis
427 1837 471 1899 ad
498 1840 757 1920 perpetuitatem
788 1840 949 1922 temporis
971 1850 1006 1903 et
1028 1840 1072 1903 ad
1095 1839 1202 1902 uitam
1224 1832 1454 1932 aeternitatis:
1470 1843 1508 1896 ut

301 1942 364 1986 nos
383 1931 419 1988 et
438 1925 614 2006 temporali
633 1925 789 1991 florentes
808 1927 914 2009 gloria
933 1926 1062 1991 muniat
1077 1977 1085 1993 .
1101 1935 1136 1989 et
1154 1934 1318 2009 perpetua
1336 1920 1508 1985 redimitos

301 2029 425 2073 corona
448 2012 491 2074 ad
522 2032 626 2094 regna
655 2012 849 2078 caelestium
880 2018 1043 2078 uirtutum
1066 2013 1251 2096 perducat.
1269 2011 1385 2072 Presta
1410 2007 1508 2070 huius

300 2099 407 2161 crucis
443 2096 711 2164 benedictionem
748 2122 809 2184 per
839 2102 1111 2185 propitiationem
1149 2096 1321 2181 sanguinis
1351 2096 1400 2160 tui
1416 2141 1425 2157 .
1440 2113 1509 2193 quo

302 2182 409 2248 effuso
440 2186 556 2248 mundi
586 2187 740 2251 deluisti1
770 2189 910 2253 crimina
924 2239 932 2253 .
948 2190 1005 2271 qui
1035 2190 1207 2252 exaltatus
1230 2188 1264 2248 in
1287 2183 1381 2267 ligno
1403 2200 1508 2245 crucis

302 2280 379 2335 tuae
403 2271 609 2354 principatus
632 2284 666 2338 et
687 2284 873 2356 potestates
896 2276 1100 2339 humiliasti.
1117 2294 1177 2357 per
1200 2292 1277 2337 eum
1308 2271 1365 2353 qui
1396 2278 1506 2333 tecum

301 2359 433 2421 sidereo
469 2362 623 2425 considet
660 2361 693 2424 in
731 2374 830 2426 trono
871 2363 1094 2427 indissolubili
1139 2361 1326 2426 conexione
1370 2357 1507 2439 spiritus

301 2446 429 2510 sancti.
446 2466 505 2528 per
527 2446 658 2513 infinita
679 2450 793 2515 secula
816 2452 1013 2516 seculorum.
1058 2470 1167 2514 amen.

484 2941 632 3007 Iuc11>1r
656 2944 898 3010 Buunmcrro
922 2945 1071 3010 Senum
1097 2956 1173 3008 usn
1196 2954 1330 3005 Ancus.

384 3115 553 3180 Primitus
575 3118 726 3183 dz'cantur
751 3121 912 3184 letaniae.
928 3143 1010 3203 quas
1030 3129 1184 3203 sequatur
1206 3119 1308 3183 oratio
1336 3117 1419 3179 llaec,

298 3271 500 3396 ACtiones
524 3282 655 3338 nostras
678 3296 861 3358 quesumus
877 3277 1014 3340 domine
1037 3287 1071 3341 et
1093 3278 1274 3361 aspirando
1297 3270 1456 3358 preueni.2

295 3513 379 3575 Post
399 3511 483 3575 hanc
504 3512 633 3577 lauetur
654 3533 732 3577 arca
755 3515 896 3579 interius
920 3527 951 3580 et
973 3518 1114 3580 exterius
1142 3514 1243 3580 arca3
1263 3515 1445 3580 exorcizata
1467 3515 1510 3578 ab

361 3600 497 3682 episcopo
513 3648 519 3664 .
535 3609 568 3662 et
588 3610 738 3683 tergatur
758 3623 780 3666 a
803 3603 993 3669 ministris.
1009 3613 1041 3668 et
1060 3604 1136 3668 laec
1156 3613 1312 3685 sequatur
1332 3603 1445 3666 oratii).

302 3760 490 3888 DOmine
535 3763 618 3828 deus
655 3766 871 3847 omnipotens
919 3767 976 3849 qui
1024 3769 1133 3850 moysi
1185 3766 1313 3832 famulo
1360 3774 1420 3829 tuo
1470 3765 1505 3826 in

408 3847 573 3934 [montem
611 3853 792 3915 ascendere
819 3855 1021 3936 precepisti.
1041 3865 1075 3919 et
1105 3875 1182 3918 eum
1208 3855 1295 3918 inter
1318 3849 1389 3939 [fol.
1414 3867 1504 3930 127v.

296 3935 449 4000 inmensa
476 3938 650 4015 celestium
681 3939 816 4003 oracula
848 3941 1085 4022 mysteriorum
1103 3991 1110 4005 .
1128 3943 1230 4006 etiam
1261 3959 1374 4004 arcam
1405 3949 1507 4003 testa-

296 4023 402 4087 menti
433 4026 597 4108 scriptura
621 4035 770 4090 testante
800 4029 937 4110 proprio
966 4049 1023 4092 ore
1050 4049 1228 4112 preparare
1257 4027 1508 4091 iussisti.cuius

295 4108 544 4190 longitudinem
568 4123 602 4178 et
626 4114 840 4178 latitudinem
869 4135 1000 4179 necnon
1027 4127 1062 4180 et
1086 4117 1301 4181 altitudinem
1320 4113 1506 4177 secundum

295 4195 486 4278 prefinitam
518 4201 655 4282 pietatis
687 4211 766 4264 tuae
796 4221 987 4266 mensuram
1019 4204 1134 4267 diuino
1157 4203 1282 4267 lamine
1304 4200 1505 4265 decreuisti.

295 4284 423 4349 exaudi
455 4307 516 4350 nos
542 4308 727 4370 quesumus
758 4290 1013 4372 indignos.qui
1045 4311 1144 4372 super
1172 4291 1328 4353 uniuersa
1350 4287 1506 4370 dignissi-

296 4389 372 4434 mus
392 4393 413 4436 a
438 4375 552 4438 seculo
576 4377 695 4440 solitus
720 4396 757 4439 es
780 4377 883 4440 etiam
907 4377 1149 4459 indignissimis
1168 4377 1321 4442 auditum
1347 4376 1510 4458 prebere.

410 4527 419 4559 ยน
435 4531 481 4595 leg.
495 4531 602 4583 diluisti.
832 4535 842 4564 ยน
862 4537 910 4588 See
921 4554 946 4603 p.
962 4549 1001 4600 73.
1234 4538 1244 4568 โธ
1260 4541 1305 4602 leg.
1318 4553 1392 4601 aqua.
