<?xml version="1.0" encoding="UTF-8"?>
<!DOCTYPE html PUBLIC "-//W3C//DTD XHTML 1.0 Transitional//EN"
    "http://www.w3.org/TR/xhtml1/DTD/xhtml1-transitional.dtd">
<html xmlns="http://www.w3.org/1999/xhtml" xml:lang="en" lang="en">
 <head>
  <title>
</title>
<meta http-equiv="Content-Type" content="text/html;charset=utf-8" />
  <meta name='ocr-system' content='tesseract 3.04.00' />
  <meta name='ocr-capabilities' content='ocr_page ocr_carea ocr_par ocr_line ocrx_word'/>
</head>
<body>
  <div class='ocr_page' id='page_1' title='image "benedictionalar00munigoog_0051.png"; bbox 0 0 3375 5250; ppageno 0'>
   <div class='ocr_carea' id='block_1_1' title="bbox 513 421 1497 490">
    <p class='ocr_par' dir='ltr' id='par_1_1' title="bbox 513 421 1497 490">
     <span class='ocr_line' id='line_1_1' title="bbox 513 421 1497 490; baseline -0.007 -2"><span class='ocrx_word' id='word_1_1' title='bbox 513 421 829 489; x_wconf 73' lang='lat' dir='ltr'>Bauaorcrrouas</span> <span class='ocrx_word' id='word_1_2' title='bbox 849 438 1106 490; x_wconf 75' lang='lat' dir='ltr'><em>EPISCOPALES.</em></span> <span class='ocrx_word' id='word_1_3' title='bbox 1388 445 1415 482; x_wconf 86' lang='lat'>11</span> <span class='ocrx_word' id='word_1_4' title='bbox 1487 433 1497 449; x_wconf 68' lang='lat'><em>⁴</em></span> 
     </span>
    </p>
   </div>
   <div class='ocr_carea' id='block_1_2' title="bbox 207 596 1415 859">
    <p class='ocr_par' dir='ltr' id='par_1_2' title="bbox 207 596 1415 859">
     <span class='ocr_line' id='line_1_2' title="bbox 207 596 1414 683; baseline -0.002 -21"><span class='ocrx_word' id='word_1_5' title='bbox 207 599 477 664; x_wconf 91' lang='lat' dir='ltr'>obseruationem</span> <span class='ocrx_word' id='word_1_6' title='bbox 493 647 501 664; x_wconf 97' lang='lat'>.</span> <span class='ocrx_word' id='word_1_7' title='bbox 517 611 552 666; x_wconf 91' lang='lat' dir='ltr'>et</span> <span class='ocrx_word' id='word_1_8' title='bbox 580 596 751 667; x_wconf 84' lang='lat' dir='ltr'>ceteruml</span> <span class='ocrx_word' id='word_1_9' title='bbox 780 601 946 666; x_wconf 92' lang='lat' dir='ltr'>bonorum</span> <span class='ocrx_word' id='word_1_10' title='bbox 978 621 1119 683; x_wconf 91' lang='lat' dir='ltr'>operum</span> <span class='ocrx_word' id='word_1_11' title='bbox 1146 598 1414 662; x_wconf 86' lang='lat' dir='ltr'>exhibitionem.</span> 
     </span>
     <span class='ocr_line' id='line_1_3' title="bbox 208 684 1415 771; baseline -0.002 -22"><span class='ocrx_word' id='word_1_12' title='bbox 208 687 377 770; x_wconf 85' lang='lat' dir='ltr'>percipere</span> <span class='ocrx_word' id='word_1_13' title='bbox 393 690 587 753; x_wconf 88' lang='lat' dir='ltr'>mereamini</span> <span class='ocrx_word' id='word_1_14' title='bbox 609 690 907 753; x_wconf 80' lang='lat' dir='ltr'>inmarcescibilem</span> <span class='ocrx_word' id='word_1_15' title='bbox 930 689 1057 771; x_wconf 88' lang='lat' dir='ltr'>gloriae</span> <span class='ocrx_word' id='word_1_16' title='bbox 1079 706 1250 751; x_wconf 91' lang='lat' dir='ltr'>coronam.</span> <span class='ocrx_word' id='word_1_17' title='bbox 1295 684 1415 748; x_wconf 85' lang='lat' dir='ltr'>Amen.</span> 
     </span>
     <span class='ocr_line' id='line_1_4' title="bbox 254 773 631 859; baseline 0.013 -22"><span class='ocrx_word' id='word_1_18' title='bbox 254 773 354 857; x_wconf 82' lang='lat' dir='ltr'>Quod</span> <span class='ocrx_word' id='word_1_19' title='bbox 378 775 449 858; x_wconf 90' lang='lat' dir='ltr'>ipse</span> <span class='ocrx_word' id='word_1_20' title='bbox 472 786 631 859; x_wconf 89' lang='lat' dir='ltr'>prestare.</span> 
     </span>
    </p>
   </div>
   <div class='ocr_carea' id='block_1_3' title="bbox 526 995 1100 1062">
    <p class='ocr_par' dir='ltr' id='par_1_3' title="bbox 526 995 1100 1062">
     <span class='ocr_line' id='line_1_5' title="bbox 526 995 1100 1062; baseline -0.003 -2"><span class='ocrx_word' id='word_1_21' title='bbox 526 996 725 1061; x_wconf 82' lang='lat' dir='ltr'>Douuurcn</span> <span class='ocrx_word' id='word_1_22' title='bbox 741 1047 748 1061; x_wconf 99' lang='lat'>.</span> <span class='ocrx_word' id='word_1_23' title='bbox 767 995 950 1062; x_wconf 78' lang='lat' dir='ltr'>Sacuunn</span> <span class='ocrx_word' id='word_1_24' title='bbox 971 1008 1014 1059; x_wconf 78' lang='grc' dir='ltr'>ΙΝ</span> <span class='ocrx_word' id='word_1_25' title='bbox 1038 1009 1100 1058; x_wconf 74' lang='lat' dir='ltr'>xc.</span> 
     </span>
    </p>
   </div>
   <div class='ocr_carea' id='block_1_4' title="bbox 206 1130 1415 1742">
    <p class='ocr_par' dir='ltr' id='par_1_4' title="bbox 206 1130 1415 1742">
     <span class='ocr_line' id='line_1_6' title="bbox 212 1130 1415 1259; baseline -0.007 -61"><span class='ocrx_word' id='word_1_26' title='bbox 212 1131 476 1259; x_wconf 87' lang='lat' dir='ltr'>OMnipotens</span> <span class='ocrx_word' id='word_1_27' title='bbox 506 1136 589 1199; x_wconf 87' lang='lat' dir='ltr'>deus</span> <span class='ocrx_word' id='word_1_28' title='bbox 619 1136 731 1199; x_wconf 90' lang='lat' dir='ltr'>ieiunii</span> <span class='ocrx_word' id='word_1_29' title='bbox 762 1145 1015 1217; x_wconf 85' lang='lat' dir='ltr'>ceterarumque</span> <span class='ocrx_word' id='word_1_30' title='bbox 1045 1135 1208 1198; x_wconf 91' lang='lat' dir='ltr'>uirtutum</span> <span class='ocrx_word' id='word_1_31' title='bbox 1242 1130 1415 1196; x_wconf 89' lang='lat' dir='ltr'>dedicator</span> 
     </span>
     <span class='ocr_line' id='line_1_7' title="bbox 323 1219 1400 1306; baseline -0.004 -22"><span class='ocrx_word' id='word_1_32' title='bbox 323 1231 425 1306; x_wconf 91' lang='lat' dir='ltr'>atque</span> <span class='ocrx_word' id='word_1_33' title='bbox 444 1231 597 1287; x_wconf 88' lang='lat' dir='ltr'>amator.</span> <span class='ocrx_word' id='word_1_34' title='bbox 614 1244 674 1286; x_wconf 91' lang='lat' dir='ltr'>sua</span> <span class='ocrx_word' id='word_1_35' title='bbox 702 1243 763 1286; x_wconf 93' lang='lat' dir='ltr'>uos</span> <span class='ocrx_word' id='word_1_36' title='bbox 790 1223 1023 1286; x_wconf 90' lang='lat' dir='ltr'>benedictione</span> <span class='ocrx_word' id='word_1_37' title='bbox 1044 1219 1239 1284; x_wconf 86' lang='lat' dir='ltr'>sanctificet.</span> <span class='ocrx_word' id='word_1_38' title='bbox 1282 1219 1400 1281; x_wconf 84' lang='lat' dir='ltr'>Amen.</span> 
     </span>
     <span class='ocr_line' id='line_1_8' title="bbox 251 1307 1414 1393; baseline -0.007 -20"><span class='ocrx_word' id='word_1_39' title='bbox 251 1310 429 1374; x_wconf 89' lang='lat' dir='ltr'>Accendat</span> <span class='ocrx_word' id='word_1_40' title='bbox 444 1311 476 1372; x_wconf 95' lang='lat' dir='ltr'>in</span> <span class='ocrx_word' id='word_1_41' title='bbox 501 1308 596 1374; x_wconf 92' lang='lat' dir='ltr'>uobis</span> <span class='ocrx_word' id='word_1_42' title='bbox 618 1312 673 1393; x_wconf 76' lang='lat' dir='ltr'>pie</span> <span class='ocrx_word' id='word_1_43' title='bbox 689 1310 880 1373; x_wconf 91' lang='lat' dir='ltr'>deuotionis</span> <span class='ocrx_word' id='word_1_44' title='bbox 902 1309 1059 1373; x_wconf 85' lang='lat' dir='ltr'>affectum</span> <span class='ocrx_word' id='word_1_45' title='bbox 1076 1356 1083 1372; x_wconf 93' lang='lat'>.</span> <span class='ocrx_word' id='word_1_46' title='bbox 1099 1317 1133 1371; x_wconf 90' lang='lat' dir='ltr'>et</span> <span class='ocrx_word' id='word_1_47' title='bbox 1156 1307 1295 1390; x_wconf 88' lang='lat' dir='ltr'>prebeat</span> <span class='ocrx_word' id='word_1_48' title='bbox 1317 1324 1414 1368; x_wconf 93' lang='lat' dir='ltr'>suum</span> 
     </span>
     <span class='ocr_line' id='line_1_9' title="bbox 206 1397 849 1479; baseline 0.003 -21"><span class='ocrx_word' id='word_1_49' title='bbox 206 1397 472 1479; x_wconf 88' lang='lat' dir='ltr'>supplicantibus</span> <span class='ocrx_word' id='word_1_50' title='bbox 487 1397 672 1479; x_wconf 88' lang='lat' dir='ltr'>benignum</span> <span class='ocrx_word' id='word_1_51' title='bbox 688 1397 849 1460; x_wconf 90' lang='lat' dir='ltr'>auditum.</span> 
     </span>
     <span class='ocr_line' id='line_1_10' title="bbox 252 1479 1413 1568; baseline -0.005 -22"><span class='ocrx_word' id='word_1_52' title='bbox 252 1484 420 1568; x_wconf 83' lang='lat' dir='ltr'>Quatinus</span> <span class='ocrx_word' id='word_1_53' title='bbox 446 1494 576 1548; x_wconf 90' lang='lat' dir='ltr'>mentes</span> <span class='ocrx_word' id='word_1_54' title='bbox 601 1495 732 1548; x_wconf 90' lang='lat' dir='ltr'>uestrae</span> <span class='ocrx_word' id='word_1_55' title='bbox 754 1484 892 1548; x_wconf 89' lang='lat' dir='ltr'>sinceris</span> <span class='ocrx_word' id='word_1_56' title='bbox 916 1481 1110 1566; x_wconf 85' lang='lat' dir='ltr'>purificatae</span> <span class='ocrx_word' id='word_1_57' title='bbox 1137 1481 1290 1546; x_wconf 90' lang='lat' dir='ltr'>ieiuniis.</span> <span class='ocrx_word' id='word_1_58' title='bbox 1308 1479 1413 1542; x_wconf 92' lang='lat' dir='ltr'>bono-</span> 
     </span>
     <span class='ocr_line' id='line_1_11' title="bbox 206 1565 1415 1653; baseline -0.005 -20"><span class='ocrx_word' id='word_1_59' title='bbox 206 1591 280 1635; x_wconf 89' lang='lat' dir='ltr'>rum</span> <span class='ocrx_word' id='word_1_60' title='bbox 305 1572 455 1634; x_wconf 92' lang='lat' dir='ltr'>omnium</span> <span class='ocrx_word' id='word_1_61' title='bbox 483 1571 689 1653; x_wconf 72' lang='lat' dir='ltr'>exluberent</span> <span class='ocrx_word' id='word_1_62' title='bbox 714 1571 935 1635; x_wconf 89' lang='lat' dir='ltr'>incrementis.</span> <span class='ocrx_word' id='word_1_63' title='bbox 982 1572 1098 1635; x_wconf 84' lang='lat' dir='ltr'>Amen.</span> <span class='ocrx_word' id='word_1_64' title='bbox 1277 1565 1345 1650; x_wconf 83' lang='lat' dir='ltr'>[iol.</span> <span class='ocrx_word' id='word_1_65' title='bbox 1368 1577 1415 1643; x_wconf 85' lang='lat'>15.</span> 
     </span>
     <span class='ocr_line' id='line_1_12' title="bbox 252 1657 807 1742; baseline 0.004 -20"><span class='ocrx_word' id='word_1_66' title='bbox 252 1657 354 1741; x_wconf 82' lang='lat' dir='ltr'>Quod</span> <span class='ocrx_word' id='word_1_67' title='bbox 378 1659 449 1741; x_wconf 93' lang='lat' dir='ltr'>ipse</span> <span class='ocrx_word' id='word_1_68' title='bbox 469 1669 618 1742; x_wconf 88' lang='lat' dir='ltr'>prestare</span> <span class='ocrx_word' id='word_1_69' title='bbox 641 1659 807 1742; x_wconf 87' lang='lat' dir='ltr'>dignetur.</span> 
     </span>
    </p>
   </div>
   <div class='ocr_carea' id='block_1_5' title="bbox 469 1872 1167 1956">
    <p class='ocr_par' dir='ltr' id='par_1_5' title="bbox 469 1872 1167 1956">
     <span class='ocr_line' id='line_1_13' title="bbox 469 1872 1167 1956; baseline -0.003 -19"><span class='ocrx_word' id='word_1_70' title='bbox 469 1874 759 1939; x_wconf 74' lang='lat' dir='ltr'>DOM1N10A111.¹²</span> <span class='ocrx_word' id='word_1_71' title='bbox 782 1887 823 1936; x_wconf 81' lang='lat' dir='ltr'>uu</span> <span class='ocrx_word' id='word_1_72' title='bbox 850 1872 1167 1956; x_wconf 76' lang='lat' dir='ltr'>Qununncnsrun.</span> 
     </span>
    </p>
   </div>
   <div class='ocr_carea' id='block_1_6' title="bbox 210 2009 1418 2138">
    <p class='ocr_par' dir='ltr' id='par_1_6' title="bbox 210 2009 1418 2138">
     <span class='ocr_line' id='line_1_14' title="bbox 210 2009 1418 2138; baseline -0.002 -65"><span class='ocrx_word' id='word_1_73' title='bbox 210 2009 473 2138; x_wconf 87' lang='lat' dir='ltr'>OMnipotens</span> <span class='ocrx_word' id='word_1_74' title='bbox 497 2011 580 2074; x_wconf 89' lang='lat' dir='ltr'>deus</span> <span class='ocrx_word' id='word_1_75' title='bbox 610 2011 807 2075; x_wconf 89' lang='lat' dir='ltr'>ieiuniorum</span> <span class='ocrx_word' id='word_1_76' title='bbox 839 2021 1024 2075; x_wconf 90' lang='lat' dir='ltr'>uestrorum</span> <span class='ocrx_word' id='word_1_77' title='bbox 1055 2011 1210 2074; x_wconf 90' lang='lat' dir='ltr'>uictimas</span> <span class='ocrx_word' id='word_1_78' title='bbox 1236 2009 1418 2074; x_wconf 88' lang='lat' dir='ltr'>clementer</span> 
     </span>
    </p>
   </div>
   <div class='ocr_carea' id='block_1_7' title="bbox 204 2095 1416 2792">
    <p class='ocr_par' dir='ltr' id='par_1_7' title="bbox 322 2095 1415 2181">
     <span class='ocr_line' id='line_1_15' title="bbox 322 2095 1415 2181; baseline -0.002 -21"><span class='ocrx_word' id='word_1_79' title='bbox 322 2097 485 2179; x_wconf 89' lang='lat' dir='ltr'>accipiat.</span> <span class='ocrx_word' id='word_1_80' title='bbox 502 2109 535 2162; x_wconf 94' lang='lat' dir='ltr'>et</span> <span class='ocrx_word' id='word_1_81' title='bbox 560 2119 620 2162; x_wconf 89' lang='lat' dir='ltr'>sua</span> <span class='ocrx_word' id='word_1_82' title='bbox 644 2118 704 2162; x_wconf 93' lang='lat' dir='ltr'>uos</span> <span class='ocrx_word' id='word_1_83' title='bbox 724 2098 960 2163; x_wconf 91' lang='lat' dir='ltr'>benedictione</span> <span class='ocrx_word' id='word_1_84' title='bbox 981 2099 1102 2181; x_wconf 86' lang='lat' dir='ltr'>dignos</span> <span class='ocrx_word' id='word_1_85' title='bbox 1121 2096 1253 2162; x_wconf 87' lang='lat' dir='ltr'>efficiat.</span> <span class='ocrx_word' id='word_1_86' title='bbox 1297 2095 1415 2159; x_wconf 70' lang='lat' dir='ltr'>Amat.</span> 
     </span>
    </p>

    <p class='ocr_par' dir='ltr' id='par_1_8' title="bbox 205 2183 1413 2442">
     <span class='ocr_line' id='line_1_16' title="bbox 253 2183 1413 2268; baseline -0.001 -21"><span class='ocrx_word' id='word_1_87' title='bbox 253 2183 386 2247; x_wconf 88' lang='lat' dir='ltr'>Mentes</span> <span class='ocrx_word' id='word_1_88' title='bbox 413 2194 541 2248; x_wconf 91' lang='lat' dir='ltr'>uestras</span> <span class='ocrx_word' id='word_1_89' title='bbox 566 2186 612 2249; x_wconf 91' lang='lat' dir='ltr'>ita</span> <span class='ocrx_word' id='word_1_90' title='bbox 637 2187 861 2268; x_wconf 89' lang='lat' dir='ltr'>parsimoniae</span> <span class='ocrx_word' id='word_1_91' title='bbox 886 2186 977 2250; x_wconf 94' lang='lat' dir='ltr'>bono</span> <span class='ocrx_word' id='word_1_92' title='bbox 1003 2195 1119 2249; x_wconf 92' lang='lat' dir='ltr'>contra</span> <span class='ocrx_word' id='word_1_93' title='bbox 1144 2185 1228 2249; x_wconf 91' lang='lat' dir='ltr'>uitia</span> <span class='ocrx_word' id='word_1_94' title='bbox 1258 2185 1413 2248; x_wconf 92' lang='lat' dir='ltr'>muniat.</span> 
     </span>
     <span class='ocr_line' id='line_1_17' title="bbox 205 2270 1413 2354; baseline -0.001 -21"><span class='ocrx_word' id='word_1_95' title='bbox 205 2281 439 2354; x_wconf 87' lang='lat' dir='ltr'>preceptorum</span> <span class='ocrx_word' id='word_1_96' title='bbox 466 2292 601 2335; x_wconf 91' lang='lat' dir='ltr'>suorum</span> <span class='ocrx_word' id='word_1_97' title='bbox 627 2273 786 2336; x_wconf 91' lang='lat' dir='ltr'>doctrinis</span> <span class='ocrx_word' id='word_1_98' title='bbox 810 2274 940 2337; x_wconf 88' lang='lat' dir='ltr'>erudiat</span> <span class='ocrx_word' id='word_1_99' title='bbox 956 2322 963 2337; x_wconf 87' lang='lat'>.</span> <span class='ocrx_word' id='word_1_100' title='bbox 979 2273 1128 2337; x_wconf 90' lang='lat' dir='ltr'>caritatis</span> <span class='ocrx_word' id='word_1_101' title='bbox 1151 2272 1242 2335; x_wconf 91' lang='lat' dir='ltr'>dono</span> <span class='ocrx_word' id='word_1_102' title='bbox 1263 2270 1413 2354; x_wconf 91' lang='lat' dir='ltr'>repleat.</span> 
     </span>
     <span class='ocr_line' id='line_1_18' title="bbox 206 2359 1183 2442; baseline 0.003 -21"><span class='ocrx_word' id='word_1_103' title='bbox 206 2365 244 2421; x_wconf 89' lang='lat' dir='ltr'>ut</span> <span class='ocrx_word' id='word_1_104' title='bbox 270 2359 303 2422; x_wconf 93' lang='lat' dir='ltr'>in</span> <span class='ocrx_word' id='word_1_105' title='bbox 331 2360 486 2421; x_wconf 91' lang='lat' dir='ltr'>omnibus</span> <span class='ocrx_word' id='word_1_106' title='bbox 514 2379 574 2421; x_wconf 95' lang='lat' dir='ltr'>uos</span> <span class='ocrx_word' id='word_1_107' title='bbox 599 2360 662 2422; x_wconf 91' lang='lat' dir='ltr'>sibi</span> <span class='ocrx_word' id='word_1_108' title='bbox 687 2360 818 2442; x_wconf 90' lang='lat' dir='ltr'>placere</span> <span class='ocrx_word' id='word_1_109' title='bbox 842 2363 1016 2425; x_wconf 90' lang='lat' dir='ltr'>concedat.</span> <span class='ocrx_word' id='word_1_110' title='bbox 1062 2360 1183 2424; x_wconf 81' lang='lat' dir='ltr'>Amen.</span> 
     </span>
    </p>

    <p class='ocr_par' dir='ltr' id='par_1_9' title="bbox 204 2444 1416 2687">
     <span class='ocr_line' id='line_1_19' title="bbox 251 2444 1416 2530; baseline -0.003 -21"><span class='ocrx_word' id='word_1_111' title='bbox 251 2444 419 2529; x_wconf 85' lang='lat' dir='ltr'>Quatinus</span> <span class='ocrx_word' id='word_1_112' title='bbox 457 2446 620 2528; x_wconf 90' lang='lat' dir='ltr'>presentis</span> <span class='ocrx_word' id='word_1_113' title='bbox 658 2447 709 2509; x_wconf 89' lang='lat' dir='ltr'>his</span> <span class='ocrx_word' id='word_1_114' title='bbox 747 2448 1004 2530; x_wconf 75' lang='lat' dir='ltr'>quadragesime</span> <span class='ocrx_word' id='word_1_115' title='bbox 1036 2447 1154 2510; x_wconf 91' lang='lat' dir='ltr'>diebus</span> <span class='ocrx_word' id='word_1_116' title='bbox 1192 2467 1276 2529; x_wconf 89' lang='lat' dir='ltr'>quas</span> <span class='ocrx_word' id='word_1_117' title='bbox 1314 2445 1416 2508; x_wconf 92' lang='lat' dir='ltr'>deuo-</span> 
     </span>
     <span class='ocr_line' id='line_1_20' title="bbox 205 2531 1413 2617; baseline -0.002 -22"><span class='ocrx_word' id='word_1_118' title='bbox 205 2532 335 2610; x_wconf 71' lang='lat' dir='ltr'>tissime</span> <span class='ocrx_word' id='word_1_119' title='bbox 379 2531 578 2597; x_wconf 89' lang='lat' dir='ltr'>celebratis.</span> <span class='ocrx_word' id='word_1_120' title='bbox 595 2534 637 2597; x_wconf 89' lang='lat' dir='ltr'>ad</span> <span class='ocrx_word' id='word_1_121' title='bbox 684 2535 857 2616; x_wconf 90' lang='lat' dir='ltr'>paschalia</span> <span class='ocrx_word' id='word_1_122' title='bbox 902 2534 988 2599; x_wconf 87' lang='lat' dir='ltr'>sesta</span> <span class='ocrx_word' id='word_1_123' title='bbox 1028 2534 1211 2617; x_wconf 86' lang='lat' dir='ltr'>purificatis</span> <span class='ocrx_word' id='word_1_124' title='bbox 1256 2531 1413 2597; x_wconf 91' lang='lat' dir='ltr'>cordibus</span> 
     </span>
     <span class='ocr_line' id='line_1_21' title="bbox 204 2620 698 2687; baseline 0.008 -4"><span class='ocrx_word' id='word_1_125' title='bbox 204 2620 362 2684; x_wconf 90' lang='lat' dir='ltr'>accedere</span> <span class='ocrx_word' id='word_1_126' title='bbox 385 2621 533 2685; x_wconf 88' lang='lat' dir='ltr'>ualeatis.</span> <span class='ocrx_word' id='word_1_127' title='bbox 578 2621 698 2687; x_wconf 79' lang='lat' dir='ltr'>Amen.</span> 
     </span>
    </p>

    <p class='ocr_par' dir='ltr' id='par_1_10' title="bbox 250 2706 803 2792">
     <span class='ocr_line' id='line_1_22' title="bbox 250 2706 803 2792; baseline 0.009 -23"><span class='ocrx_word' id='word_1_128' title='bbox 250 2706 351 2791; x_wconf 85' lang='lat' dir='ltr'>Quod</span> <span class='ocrx_word' id='word_1_129' title='bbox 374 2708 445 2791; x_wconf 90' lang='lat' dir='ltr'>ipse</span> <span class='ocrx_word' id='word_1_130' title='bbox 467 2717 614 2791; x_wconf 89' lang='lat' dir='ltr'>prestare</span> <span class='ocrx_word' id='word_1_131' title='bbox 636 2711 803 2792; x_wconf 87' lang='lat' dir='ltr'>dignetur.</span> 
     </span>
    </p>
   </div>
   <div class='ocr_carea' id='block_1_8' title="bbox 468 2925 1166 3013">
    <p class='ocr_par' dir='ltr' id='par_1_11' title="bbox 468 2925 1166 3013">
     <span class='ocr_line' id='line_1_23' title="bbox 468 2925 1166 3013; baseline 0.007 -24"><span class='ocrx_word' id='word_1_132' title='bbox 468 2925 669 2993; x_wconf 76' lang='lat' dir='ltr'>Dournucn</span> <span class='ocrx_word' id='word_1_133' title='bbox 692 2942 760 2993; x_wconf 77' lang='lat' dir='ltr'>111t</span> <span class='ocrx_word' id='word_1_134' title='bbox 785 2942 826 2991; x_wconf 81' lang='lat' dir='ltr'>ru</span> <span class='ocrx_word' id='word_1_135' title='bbox 851 2928 1166 3013; x_wconf 75' lang='lat' dir='ltr'>Qununncasmn.</span> 
     </span>
    </p>
   </div>
   <div class='ocr_carea' id='block_1_9' title="bbox 205 3065 1415 3935">
    <p class='ocr_par' dir='ltr' id='par_1_12' title="bbox 278 3065 1413 3149">
     <span class='ocr_line' id='line_1_24' title="bbox 278 3065 1413 3149; baseline 0 -19"><span class='ocrx_word' id='word_1_136' title='bbox 278 3065 348 3130; x_wconf 89' lang='lat' dir='ltr'>Eus</span> <span class='ocrx_word' id='word_1_137' title='bbox 384 3066 441 3147; x_wconf 94' lang='lat' dir='ltr'>qui</span> <span class='ocrx_word' id='word_1_138' title='bbox 476 3085 538 3129; x_wconf 90' lang='lat' dir='ltr'>uos</span> <span class='ocrx_word' id='word_1_139' title='bbox 575 3066 619 3129; x_wconf 91' lang='lat' dir='ltr'>ad</span> <span class='ocrx_word' id='word_1_140' title='bbox 657 3067 862 3149; x_wconf 88' lang='lat' dir='ltr'>presentium</span> <span class='ocrx_word' id='word_1_141' title='bbox 901 3067 1242 3149; x_wconf 89' lang='lat' dir='ltr'>quadragesimalium</span> <span class='ocrx_word' id='word_1_142' title='bbox 1285 3066 1413 3131; x_wconf 91' lang='lat' dir='ltr'>dierum</span> 
     </span>
    </p>

    <p class='ocr_par' dir='ltr' id='par_1_13' title="bbox 321 3153 1413 3237">
     <span class='ocr_line' id='line_1_25' title="bbox 321 3153 1413 3237; baseline 0.002 -22"><span class='ocrx_word' id='word_1_143' title='bbox 321 3154 537 3216; x_wconf 92' lang='lat' dir='ltr'>medietatem</span> <span class='ocrx_word' id='word_1_144' title='bbox 556 3153 782 3235; x_wconf 89' lang='lat' dir='ltr'>dignatusest</span> <span class='ocrx_word' id='word_1_145' title='bbox 806 3154 1005 3235; x_wconf 90' lang='lat' dir='ltr'>perducere.</span> <span class='ocrx_word' id='word_1_146' title='bbox 1021 3155 1093 3237; x_wconf 91' lang='lat' dir='ltr'>ipse</span> <span class='ocrx_word' id='word_1_147' title='bbox 1116 3175 1177 3218; x_wconf 88' lang='lat' dir='ltr'>uos</span> <span class='ocrx_word' id='word_1_148' title='bbox 1201 3175 1263 3218; x_wconf 87' lang='lat' dir='ltr'>sua</span> <span class='ocrx_word' id='word_1_149' title='bbox 1279 3154 1413 3217; x_wconf 91' lang='lat' dir='ltr'>misera-</span> 
     </span>
    </p>

    <p class='ocr_par' dir='ltr' id='par_1_14' title="bbox 207 3238 1414 3324">
     <span class='ocr_line' id='line_1_26' title="bbox 207 3238 1414 3324; baseline 0.003 -24"><span class='ocrx_word' id='word_1_150' title='bbox 207 3238 298 3302; x_wconf 92' lang='lat' dir='ltr'>tione</span> <span class='ocrx_word' id='word_1_151' title='bbox 327 3238 503 3323; x_wconf 82' lang='lat' dir='ltr'>ldignetur</span> <span class='ocrx_word' id='word_1_152' title='bbox 528 3239 733 3305; x_wconf 87' lang='lat' dir='ltr'>benedicere.</span> <span class='ocrx_word' id='word_1_153' title='bbox 778 3240 898 3305; x_wconf 83' lang='lat' dir='ltr'>Amen.</span> <span class='ocrx_word' id='word_1_154' title='bbox 1256 3240 1414 3324; x_wconf 83' lang='lat' dir='ltr'>[sol.15v.</span> 
     </span>
    </p>

    <p class='ocr_par' dir='ltr' id='par_1_15' title="bbox 252 3325 1415 3412">
     <span class='ocr_line' id='line_1_27' title="bbox 252 3325 1415 3412; baseline 0.001 -23"><span class='ocrx_word' id='word_1_155' title='bbox 252 3325 504 3390; x_wconf 91' lang='lat' dir='ltr'>Abstinentiam</span> <span class='ocrx_word' id='word_1_156' title='bbox 528 3339 673 3392; x_wconf 89' lang='lat' dir='ltr'>uestram</span> <span class='ocrx_word' id='word_1_157' title='bbox 698 3328 890 3409; x_wconf 89' lang='lat' dir='ltr'>preteritam</span> <span class='ocrx_word' id='word_1_158' title='bbox 915 3338 1089 3412; x_wconf 90' lang='lat' dir='ltr'>acceptet.</span> <span class='ocrx_word' id='word_1_159' title='bbox 1106 3328 1252 3392; x_wconf 82' lang='lat' dir='ltr'>suturam</span> <span class='ocrx_word' id='word_1_160' title='bbox 1280 3329 1328 3392; x_wconf 90' lang='lat' dir='ltr'>ita</span> <span class='ocrx_word' id='word_1_161' title='bbox 1352 3327 1415 3391; x_wconf 92' lang='lat' dir='ltr'>sibi</span> 
     </span>
    </p>

    <p class='ocr_par' dir='ltr' id='par_1_16' title="bbox 205 3411 1414 3568">
     <span class='ocr_line' id='line_1_28' title="bbox 206 3411 1414 3492; baseline 0.002 -18"><span class='ocrx_word' id='word_1_162' title='bbox 206 3411 364 3492; x_wconf 87' lang='lat' dir='ltr'>placitam</span> <span class='ocrx_word' id='word_1_163' title='bbox 400 3415 544 3478; x_wconf 91' lang='lat' dir='ltr'>reddat.</span> <span class='ocrx_word' id='word_1_164' title='bbox 564 3424 600 3478; x_wconf 93' lang='lat' dir='ltr'>ut</span> <span class='ocrx_word' id='word_1_165' title='bbox 637 3415 723 3479; x_wconf 92' lang='lat' dir='ltr'>sicut</span> <span class='ocrx_word' id='word_1_166' title='bbox 757 3415 933 3479; x_wconf 91' lang='lat' dir='ltr'>abstinetis</span> <span class='ocrx_word' id='word_1_167' title='bbox 971 3436 992 3478; x_wconf 92' lang='lat' dir='ltr'>a</span> <span class='ocrx_word' id='word_1_168' title='bbox 1026 3416 1124 3480; x_wconf 89' lang='lat' dir='ltr'>licitis</span> <span class='ocrx_word' id='word_1_169' title='bbox 1154 3415 1323 3481; x_wconf 92' lang='lat' dir='ltr'>cibis.ita</span> <span class='ocrx_word' id='word_1_170' title='bbox 1353 3435 1414 3478; x_wconf 91' lang='lat' dir='ltr'>uos</span> 
     </span>
     <span class='ocr_line' id='line_1_29' title="bbox 205 3500 1198 3568; baseline 0.006 -7"><span class='ocrx_word' id='word_1_171' title='bbox 205 3500 308 3563; x_wconf 90' lang='lat' dir='ltr'>etiam</span> <span class='ocrx_word' id='word_1_172' title='bbox 331 3520 352 3564; x_wconf 92' lang='lat' dir='ltr'>a</span> <span class='ocrx_word' id='word_1_173' title='bbox 377 3501 467 3566; x_wconf 93' lang='lat' dir='ltr'>uitiis</span> <span class='ocrx_word' id='word_1_174' title='bbox 492 3502 647 3565; x_wconf 92' lang='lat' dir='ltr'>omnibus</span> <span class='ocrx_word' id='word_1_175' title='bbox 670 3502 837 3566; x_wconf 92' lang='lat' dir='ltr'>abstinere</span> <span class='ocrx_word' id='word_1_176' title='bbox 861 3503 1035 3568; x_wconf 89' lang='lat' dir='ltr'>concedat.</span> <span class='ocrx_word' id='word_1_177' title='bbox 1080 3503 1198 3567; x_wconf 83' lang='lat' dir='ltr'>Amen.</span> 
     </span>
    </p>

    <p class='ocr_par' dir='ltr' id='par_1_17' title="bbox 207 3586 1413 3845">
     <span class='ocr_line' id='line_1_30' title="bbox 251 3586 1412 3672; baseline 0.003 -22"><span class='ocrx_word' id='word_1_178' title='bbox 251 3586 330 3670; x_wconf 86' lang='lat' dir='ltr'>Quo</span> <span class='ocrx_word' id='word_1_179' title='bbox 363 3588 405 3651; x_wconf 94' lang='lat' dir='ltr'>de</span> <span class='ocrx_word' id='word_1_180' title='bbox 440 3589 607 3672; x_wconf 89' lang='lat' dir='ltr'>preteritis</span> <span class='ocrx_word' id='word_1_181' title='bbox 642 3600 675 3651; x_wconf 92' lang='lat' dir='ltr'>et</span> <span class='ocrx_word' id='word_1_182' title='bbox 712 3590 755 3653; x_wconf 93' lang='lat' dir='ltr'>de</span> <span class='ocrx_word' id='word_1_183' title='bbox 785 3589 905 3653; x_wconf 84' lang='lat' dir='ltr'>suturis</span> <span class='ocrx_word' id='word_1_184' title='bbox 935 3590 1159 3672; x_wconf 87' lang='lat' dir='ltr'>spiritualium</span> <span class='ocrx_word' id='word_1_185' title='bbox 1196 3590 1412 3654; x_wconf 86' lang='lat' dir='ltr'>carismatum</span> 
     </span>
     <span class='ocr_line' id='line_1_31' title="bbox 207 3672 1413 3760; baseline 0.003 -25"><span class='ocrx_word' id='word_1_186' title='bbox 207 3672 357 3755; x_wconf 85' lang='lat' dir='ltr'>frugibus</span> <span class='ocrx_word' id='word_1_187' title='bbox 380 3676 410 3738; x_wconf 92' lang='lat' dir='ltr'>ei</span> <span class='ocrx_word' id='word_1_188' title='bbox 433 3686 546 3758; x_wconf 90' lang='lat' dir='ltr'>grates</span> <span class='ocrx_word' id='word_1_189' title='bbox 569 3676 798 3759; x_wconf 89' lang='lat' dir='ltr'>persoluentes</span> <span class='ocrx_word' id='word_1_190' title='bbox 816 3723 824 3741; x_wconf 91' lang='lat'>.</span> <span class='ocrx_word' id='word_1_191' title='bbox 842 3678 886 3740; x_wconf 89' lang='lat' dir='ltr'>ad</span> <span class='ocrx_word' id='word_1_192' title='bbox 913 3688 1067 3741; x_wconf 90' lang='lat' dir='ltr'>sanctum</span> <span class='ocrx_word' id='word_1_193' title='bbox 1091 3676 1217 3760; x_wconf 90' lang='lat' dir='ltr'>pascha</span> <span class='ocrx_word' id='word_1_194' title='bbox 1238 3678 1413 3760; x_wconf 89' lang='lat' dir='ltr'>peruenire</span> 
     </span>
     <span class='ocr_line' id='line_1_32' title="bbox 208 3762 739 3845; baseline 0.011 -23"><span class='ocrx_word' id='word_1_195' title='bbox 208 3762 343 3842; x_wconf 92' lang='lat' dir='ltr'>possitis</span> <span class='ocrx_word' id='word_1_196' title='bbox 366 3763 574 3845; x_wconf 89' lang='lat' dir='ltr'>indempnes.</span> <span class='ocrx_word' id='word_1_197' title='bbox 620 3766 739 3829; x_wconf 85' lang='lat' dir='ltr'>Amen.</span> 
     </span>
    </p>

    <p class='ocr_par' dir='ltr' id='par_1_18' title="bbox 251 3846 808 3935">
     <span class='ocr_line' id='line_1_33' title="bbox 251 3846 808 3935; baseline 0.005 -23"><span class='ocrx_word' id='word_1_198' title='bbox 251 3846 352 3929; x_wconf 88' lang='lat' dir='ltr'>Quod</span> <span class='ocrx_word' id='word_1_199' title='bbox 375 3850 448 3932; x_wconf 91' lang='lat' dir='ltr'>ipse</span> <span class='ocrx_word' id='word_1_200' title='bbox 470 3860 619 3933; x_wconf 91' lang='lat' dir='ltr'>prestare</span> <span class='ocrx_word' id='word_1_201' title='bbox 642 3852 808 3935; x_wconf 90' lang='lat' dir='ltr'>dignetur.</span> 
     </span>
    </p>
   </div>
   <div class='ocr_carea' id='block_1_10' title="bbox 570 4067 1052 4133">
    <p class='ocr_par' dir='ltr' id='par_1_19' title="bbox 570 4067 1052 4133">
     <span class='ocr_line' id='line_1_34' title="bbox 570 4067 1052 4133; baseline 0.004 -4"><span class='ocrx_word' id='word_1_202' title='bbox 570 4067 771 4132; x_wconf 81' lang='lat' dir='ltr'>Doururcn</span> <span class='ocrx_word' id='word_1_203' title='bbox 794 4081 827 4130; x_wconf 91' lang='lat' dir='ltr'>v.</span> <span class='ocrx_word' id='word_1_204' title='bbox 852 4080 970 4132; x_wconf 75' lang='lat' dir='ltr'>luunn</span> <span class='ocrx_word' id='word_1_205' title='bbox 993 4082 1052 4133; x_wconf 72' lang='lat' dir='ltr'>xc.</span> 
     </span>
    </p>
   </div>
   <div class='ocr_carea' id='block_1_11' title="bbox 206 4202 1413 4465">
    <p class='ocr_par' dir='ltr' id='par_1_20' title="bbox 206 4202 1413 4465">
     <span class='ocr_line' id='line_1_35' title="bbox 272 4202 1413 4288; baseline 0.002 -21"><span class='ocrx_word' id='word_1_206' title='bbox 272 4202 423 4270; x_wconf 88' lang='lat' dir='ltr'>Ccendat</span> <span class='ocrx_word' id='word_1_207' title='bbox 447 4207 480 4269; x_wconf 94' lang='lat' dir='ltr'>in</span> <span class='ocrx_word' id='word_1_208' title='bbox 511 4205 608 4269; x_wconf 92' lang='lat' dir='ltr'>uobis</span> <span class='ocrx_word' id='word_1_209' title='bbox 632 4206 790 4269; x_wconf 89' lang='lat' dir='ltr'>dominus</span> <span class='ocrx_word' id='word_1_210' title='bbox 822 4205 905 4269; x_wconf 90' lang='lat' dir='ltr'>deus</span> <span class='ocrx_word' id='word_1_211' title='bbox 937 4207 1005 4270; x_wconf 92' lang='lat' dir='ltr'>uim</span> <span class='ocrx_word' id='word_1_212' title='bbox 1033 4206 1084 4268; x_wconf 93' lang='lat' dir='ltr'>sui</span> <span class='ocrx_word' id='word_1_213' title='bbox 1110 4206 1264 4269; x_wconf 91' lang='lat' dir='ltr'>amoris.</span> <span class='ocrx_word' id='word_1_214' title='bbox 1288 4214 1323 4269; x_wconf 92' lang='lat' dir='ltr'>et</span> <span class='ocrx_word' id='word_1_215' title='bbox 1352 4226 1413 4288; x_wconf 94' lang='lat' dir='ltr'>per</span> 
     </span>
     <span class='ocr_line' id='line_1_36' title="bbox 314 4292 1411 4372; baseline 0.003 -18"><span class='ocrx_word' id='word_1_216' title='bbox 314 4293 511 4357; x_wconf 89' lang='lat' dir='ltr'>ieiuniorum</span> <span class='ocrx_word' id='word_1_217' title='bbox 543 4293 793 4358; x_wconf 90' lang='lat' dir='ltr'>obseruantiam</span> <span class='ocrx_word' id='word_1_218' title='bbox 824 4292 980 4357; x_wconf 76' lang='lat' dir='ltr'>infundat</span> <span class='ocrx_word' id='word_1_219' title='bbox 1007 4294 1040 4357; x_wconf 92' lang='lat' dir='ltr'>in</span> <span class='ocrx_word' id='word_1_220' title='bbox 1069 4293 1165 4357; x_wconf 94' lang='lat' dir='ltr'>uobis</span> <span class='ocrx_word' id='word_1_221' title='bbox 1193 4294 1320 4357; x_wconf 90' lang='lat' dir='ltr'>donum</span> <span class='ocrx_word' id='word_1_222' title='bbox 1351 4315 1411 4372; x_wconf 82' lang='lat' dir='ltr'>sue</span> 
     </span>
     <span class='ocr_line' id='line_1_37' title="bbox 206 4380 812 4465; baseline -0.005 -20"><span class='ocrx_word' id='word_1_223' title='bbox 206 4380 450 4446; x_wconf 90' lang='lat' dir='ltr'>benedictionis</span> <span class='ocrx_word' id='word_1_224' title='bbox 473 4381 650 4465; x_wconf 91' lang='lat' dir='ltr'>gratuitae.</span> <span class='ocrx_word' id='word_1_225' title='bbox 696 4380 812 4444; x_wconf 78' lang='lat' dir='ltr'>Amen.</span> 
     </span>
    </p>
   </div>
   <div class='ocr_carea' id='block_1_12' title="bbox 694 4552 933 4616">
    <p class='ocr_par' dir='ltr' id='par_1_21' title="bbox 694 4552 933 4616">
     <span class='ocr_line' id='line_1_38' title="bbox 694 4552 933 4616; baseline -0.004 -14"><span class='ocrx_word' id='word_1_226' title='bbox 694 4552 702 4581; x_wconf 92' lang='lat'><strong>¹</strong></span> <span class='ocrx_word' id='word_1_227' title='bbox 720 4554 764 4616; x_wconf 77' lang='lat' dir='ltr'>leg.</span> <span class='ocrx_word' id='word_1_228' title='bbox 784 4560 933 4602; x_wconf 87' lang='lat' dir='ltr'>ceterorum.</span> 
     </span>
    </p>
   </div>
   <div class='ocr_carea' id='block_1_13' title="bbox 0 0 1692 5250">
    <p class='ocr_par' dir='ltr' id='par_1_22' title="bbox 0 0 1692 5250">
     <span class='ocr_line' id='line_1_39' title="bbox 0 0 1692 5250; baseline 0 0"><span class='ocrx_word' id='word_1_229' title='bbox 0 0 1692 5250; x_wconf 95' lang='lat' dir='ltr'> </span> 
     </span>
    </p>
   </div>
  </div>
 </body>
</html>
