<?xml version="1.0" encoding="UTF-8"?>
<!DOCTYPE html PUBLIC "-//W3C//DTD XHTML 1.0 Transitional//EN"
    "http://www.w3.org/TR/xhtml1/DTD/xhtml1-transitional.dtd">
<html xmlns="http://www.w3.org/1999/xhtml" xml:lang="en" lang="en">
 <head>
  <title>
</title>
<meta http-equiv="Content-Type" content="text/html;charset=utf-8" />
  <meta name='ocr-system' content='tesseract 3.04.00' />
  <meta name='ocr-capabilities' content='ocr_page ocr_carea ocr_par ocr_line ocrx_word'/>
</head>
<body>
  <div class='ocr_page' id='page_1' title='image "benedictionalar00munigoog_0116.png"; bbox 0 0 3375 5250; ppageno 0'>
   <div class='ocr_carea' id='block_1_1' title="bbox 314 408 1165 469">
    <p class='ocr_par' dir='ltr' id='par_1_1' title="bbox 314 408 1165 469">
     <span class='ocr_line' id='line_1_1' title="bbox 314 408 1165 469; baseline 0.002 -12"><span class='ocrx_word' id='word_1_1' title='bbox 314 408 345 469; x_wconf 87' lang='lat'>76</span> <span class='ocrx_word' id='word_1_2' title='bbox 668 410 926 460; x_wconf 84' lang='lat' dir='ltr'><em>CONSECRATIO</em></span> <span class='ocrx_word' id='word_1_3' title='bbox 945 410 1165 459; x_wconf 76' lang='lat' dir='ltr'>ECCLESME.</span> 
     </span>
    </p>
   </div>
   <div class='ocr_carea' id='block_1_2' title="bbox 314 574 1524 747">
    <p class='ocr_par' dir='ltr' id='par_1_2' title="bbox 314 574 1524 747">
     <span class='ocr_line' id='line_1_2' title="bbox 314 574 1524 642; baseline -0.002 -5"><span class='ocrx_word' id='word_1_4' title='bbox 314 578 482 642; x_wconf 89' lang='lat' dir='ltr'>constitue</span> <span class='ocrx_word' id='word_1_5' title='bbox 522 579 757 642; x_wconf 92' lang='lat' dir='ltr'>mansionem.</span> <span class='ocrx_word' id='word_1_6' title='bbox 776 588 812 641; x_wconf 90' lang='lat' dir='ltr'>ut</span> <span class='ocrx_word' id='word_1_7' title='bbox 850 579 945 641; x_wconf 92' lang='lat' dir='ltr'>cuius</span> <span class='ocrx_word' id='word_1_8' title='bbox 982 575 1194 641; x_wconf 89' lang='lat' dir='ltr'>edificatione</span> <span class='ocrx_word' id='word_1_9' title='bbox 1232 575 1406 641; x_wconf 84' lang='lat' dir='ltr'><strong>subsistit.</strong></span> <span class='ocrx_word' id='word_1_10' title='bbox 1425 574 1524 638; x_wconf 90' lang='lat' dir='ltr'>huius</span> 
     </span>
     <span class='ocr_line' id='line_1_3' title="bbox 315 662 1029 747; baseline 0.007 -23"><span class='ocrx_word' id='word_1_11' title='bbox 315 662 375 728; x_wconf 88' lang='lat' dir='ltr'>fiat</span> <span class='ocrx_word' id='word_1_12' title='bbox 389 664 555 729; x_wconf 83' lang='lat' dir='ltr'>habitatio</span> <span class='ocrx_word' id='word_1_13' title='bbox 571 667 743 747; x_wconf 87' lang='lat' dir='ltr'>preclara.</span> <span class='ocrx_word' id='word_1_14' title='bbox 761 686 819 747; x_wconf 92' lang='lat' dir='ltr'>per</span> <span class='ocrx_word' id='word_1_15' title='bbox 842 667 1029 729; x_wconf 90' lang='lat' dir='ltr'>dominum.</span> 
     </span>
    </p>
   </div>
   <div class='ocr_carea' id='block_1_3' title="bbox 301 826 1527 1694">
    <p class='ocr_par' dir='ltr' id='par_1_3' title="bbox 301 826 1527 1694">
     <span class='ocr_line' id='line_1_4' title="bbox 360 826 1527 911; baseline -0.002 -22"><span class='ocrx_word' id='word_1_16' title='bbox 360 827 437 889; x_wconf 86' lang='lat' dir='ltr'>Hac</span> <span class='ocrx_word' id='word_1_17' title='bbox 468 828 614 891; x_wconf 86' lang='lat' dir='ltr'>oratione</span> <span class='ocrx_word' id='word_1_18' title='bbox 641 828 747 911; x_wconf 83' lang='lat' dir='ltr'>finita</span> <span class='ocrx_word' id='word_1_19' title='bbox 784 827 1017 909; x_wconf 84' lang='lat' dir='ltr'>ingrediantur</span> <span class='ocrx_word' id='word_1_20' title='bbox 1054 848 1163 890; x_wconf 85' lang='lat' dir='ltr'>onrnes</span> <span class='ocrx_word' id='word_1_21' title='bbox 1205 828 1349 890; x_wconf 80' lang='lat' dir='ltr'>eclesiam</span> <span class='ocrx_word' id='word_1_22' title='bbox 1365 876 1372 889; x_wconf 93' lang='lat'>.</span> <span class='ocrx_word' id='word_1_23' title='bbox 1387 826 1527 907; x_wconf 84' lang='lat' dir='ltr'>episcope</span> 
     </span>
     <span class='ocr_line' id='line_1_5' title="bbox 313 912 1526 996; baseline 0.001 -22"><span class='ocrx_word' id='word_1_24' title='bbox 313 934 437 976; x_wconf 83' lang='lat' dir='ltr'>crucem</span> <span class='ocrx_word' id='word_1_25' title='bbox 468 914 503 978; x_wconf 94' lang='lat' dir='ltr'>in</span> <span class='ocrx_word' id='word_1_26' title='bbox 536 935 638 977; x_wconf 90' lang='lat' dir='ltr'>mann</span> <span class='ocrx_word' id='word_1_27' title='bbox 666 923 820 995; x_wconf 81' lang='lat' dir='ltr'>gestante</span> <span class='ocrx_word' id='word_1_28' title='bbox 847 914 1043 996; x_wconf 80' lang='lat' dir='ltr'>incipiatque</span> <span class='ocrx_word' id='word_1_29' title='bbox 1062 914 1284 995; x_wconf 77' lang='lat' dir='ltr'>antiphonam.</span> <span class='ocrx_word' id='word_1_30' title='bbox 1331 912 1426 975; x_wconf 77' lang='lat' dir='ltr'>*Pax</span> <span class='ocrx_word' id='word_1_31' title='bbox 1449 912 1526 975; x_wconf 91' lang='lat' dir='ltr'>huic</span> 
     </span>
     <span class='ocr_line' id='line_1_6' title="bbox 317 998 1525 1083; baseline 0.001 -23"><span class='ocrx_word' id='word_1_32' title='bbox 317 998 435 1064; x_wconf 91' lang='lat' dir='ltr'>domui</span> <span class='ocrx_word' id='word_1_33' title='bbox 458 1011 493 1065; x_wconf 90' lang='lat' dir='ltr'>et</span> <span class='ocrx_word' id='word_1_34' title='bbox 519 1002 676 1064; x_wconf 93' lang='lat' dir='ltr'>omnibus</span> <span class='ocrx_word' id='word_1_35' title='bbox 702 1001 935 1064; x_wconf 88' lang='lat' dir='ltr'>habitantibus</span> <span class='ocrx_word' id='word_1_36' title='bbox 962 1002 995 1064; x_wconf 93' lang='lat' dir='ltr'>in</span> <span class='ocrx_word' id='word_1_37' title='bbox 1025 1023 1066 1064; x_wconf 90' lang='lat' dir='ltr'>ea</span> <span class='ocrx_word' id='word_1_38' title='bbox 1097 1021 1167 1082; x_wconf 88' lang='lat' dir='ltr'>pax</span> <span class='ocrx_word' id='word_1_39' title='bbox 1198 1000 1462 1083; x_wconf 84' lang='lat' dir='ltr'>ingredientibus</span> <span class='ocrx_word' id='word_1_40' title='bbox 1491 1009 1525 1062; x_wconf 89' lang='lat' dir='ltr'>et</span> 
     </span>
     <span class='ocr_line' id='line_1_7' title="bbox 315 1086 1525 1171; baseline 0 -24"><span class='ocrx_word' id='word_1_41' title='bbox 315 1088 610 1167; x_wconf 73' lang='lat' dir='ltr'>regredientibus.</span> <span class='ocrx_word' id='word_1_42' title='bbox 630 1087 793 1151; x_wconf 77' lang='lat' dir='ltr'>alleluia*</span> <span class='ocrx_word' id='word_1_43' title='bbox 857 1087 951 1152; x_wconf 85' lang='lat' dir='ltr'>Crux</span> <span class='ocrx_word' id='word_1_44' title='bbox 989 1089 1084 1171; x_wconf 90' lang='lat' dir='ltr'>pellit</span> <span class='ocrx_word' id='word_1_45' title='bbox 1121 1090 1253 1151; x_wconf 90' lang='lat' dir='ltr'>hostem</span> <span class='ocrx_word' id='word_1_46' title='bbox 1288 1108 1374 1150; x_wconf 88' lang='lat' dir='ltr'>crux</span> <span class='ocrx_word' id='word_1_47' title='bbox 1410 1086 1525 1150; x_wconf 89' lang='lat' dir='ltr'>christi</span> 
     </span>
     <span class='ocr_line' id='line_1_8' title="bbox 315 1173 1523 1258; baseline -0.002 -22"><span class='ocrx_word' id='word_1_48' title='bbox 315 1173 510 1257; x_wconf 85' lang='lat' dir='ltr'>triumphat</span> <span class='ocrx_word' id='word_1_49' title='bbox 568 1175 696 1241; x_wconf 78' lang='lat' dir='ltr'>Dehinc</span> <span class='ocrx_word' id='word_1_50' title='bbox 731 1176 950 1258; x_wconf 77' lang='lat' dir='ltr'>antiphonam.</span> <span class='ocrx_word' id='word_1_51' title='bbox 1005 1174 1174 1239; x_wconf 77' lang='lat' dir='ltr'>*Benedic</span> <span class='ocrx_word' id='word_1_52' title='bbox 1211 1175 1347 1238; x_wconf 91' lang='lat' dir='ltr'>domine</span> <span class='ocrx_word' id='word_1_53' title='bbox 1384 1174 1523 1237; x_wconf 89' lang='lat' dir='ltr'>domum</span> 
     </span>
     <span class='ocr_line' id='line_1_9' title="bbox 315 1259 1523 1344; baseline 0.001 -22"><span class='ocrx_word' id='word_1_54' title='bbox 315 1260 416 1324; x_wconf 90' lang='lat' dir='ltr'>istam</span> <span class='ocrx_word' id='word_1_55' title='bbox 448 1284 552 1344; x_wconf 90' lang='lat' dir='ltr'>quam</span> <span class='ocrx_word' id='word_1_56' title='bbox 587 1262 741 1326; x_wconf 86' lang='lat' dir='ltr'>edificaui</span> <span class='ocrx_word' id='word_1_57' title='bbox 780 1263 908 1326; x_wconf 90' lang='lat' dir='ltr'>nomini</span> <span class='ocrx_word' id='word_1_58' title='bbox 946 1273 1029 1325; x_wconf 91' lang='lat' dir='ltr'>tuo.</span> <span class='ocrx_word' id='word_1_59' title='bbox 1047 1264 1241 1325; x_wconf 90' lang='lat' dir='ltr'>uenientum</span> <span class='ocrx_word' id='word_1_60' title='bbox 1280 1263 1313 1323; x_wconf 93' lang='lat' dir='ltr'>in</span> <span class='ocrx_word' id='word_1_61' title='bbox 1349 1259 1424 1325; x_wconf 89' lang='lat' dir='ltr'>loco</span> <span class='ocrx_word' id='word_1_62' title='bbox 1458 1262 1523 1323; x_wconf 91' lang='lat' dir='ltr'>isto</span> 
     </span>
     <span class='ocr_line' id='line_1_10' title="bbox 314 1348 1524 1431; baseline 0 -23"><span class='ocrx_word' id='word_1_63' title='bbox 314 1349 440 1412; x_wconf 85' lang='lat' dir='ltr'>exaudi</span> <span class='ocrx_word' id='word_1_64' title='bbox 463 1370 579 1428; x_wconf 89' lang='lat' dir='ltr'>preces</span> <span class='ocrx_word' id='word_1_65' title='bbox 602 1351 636 1412; x_wconf 90' lang='lat' dir='ltr'>in</span> <span class='ocrx_word' id='word_1_66' title='bbox 663 1351 800 1412; x_wconf 88' lang='lat' dir='ltr'>excelso</span> <span class='ocrx_word' id='word_1_67' title='bbox 827 1351 912 1412; x_wconf 93' lang='lat' dir='ltr'>solio</span> <span class='ocrx_word' id='word_1_68' title='bbox 939 1351 1045 1431; x_wconf 75' lang='lat' dir='ltr'>glorie</span> <span class='ocrx_word' id='word_1_69' title='bbox 1071 1349 1157 1427; x_wconf 76' lang='lat' dir='ltr'>tue*</span> <span class='ocrx_word' id='word_1_70' title='bbox 1203 1349 1262 1413; x_wconf 87' lang='lat' dir='ltr'>Ps.</span> <span class='ocrx_word' id='word_1_71' title='bbox 1286 1348 1524 1411; x_wconf 87' lang='lat' dir='ltr'>Fundamenta</span> 
     </span>
     <span class='ocr_line' id='line_1_11' title="bbox 313 1434 1524 1520; baseline 0.002 -25"><span class='ocrx_word' id='word_1_72' title='bbox 313 1435 392 1498; x_wconf 91' lang='lat' dir='ltr'>eius.</span> <span class='ocrx_word' id='word_1_73' title='bbox 438 1435 489 1499; x_wconf 89' lang='lat' dir='ltr'>Et</span> <span class='ocrx_word' id='word_1_74' title='bbox 507 1437 555 1501; x_wconf 88' lang='lat' dir='ltr'>sic</span> <span class='ocrx_word' id='word_1_75' title='bbox 574 1437 713 1500; x_wconf 89' lang='lat' dir='ltr'>canendo</span> <span class='ocrx_word' id='word_1_76' title='bbox 735 1458 834 1518; x_wconf 87' lang='lat' dir='ltr'>nsque</span> <span class='ocrx_word' id='word_1_77' title='bbox 850 1436 899 1499; x_wconf 86' lang='lat' dir='ltr'>ad</span> <span class='ocrx_word' id='word_1_78' title='bbox 917 1434 1060 1499; x_wconf 86' lang='lat' dir='ltr'>medium</span> <span class='ocrx_word' id='word_1_79' title='bbox 1078 1438 1183 1520; x_wconf 72' lang='lat' dir='ltr'>eclesie</span> <span class='ocrx_word' id='word_1_80' title='bbox 1201 1437 1306 1499; x_wconf 88' lang='lat' dir='ltr'>solum</span> <span class='ocrx_word' id='word_1_81' title='bbox 1325 1435 1524 1498; x_wconf 65' lang='lat' dir='ltr'>detentam.</span> 
     </span>
     <span class='ocr_line' id='line_1_12' title="bbox 317 1522 1527 1607; baseline 0 -24"><span class='ocrx_word' id='word_1_82' title='bbox 317 1522 391 1599; x_wconf 80' lang='lat' dir='ltr'>Qna</span> <span class='ocrx_word' id='word_1_83' title='bbox 415 1524 521 1607; x_wconf 89' lang='lat' dir='ltr'>finita</span> <span class='ocrx_word' id='word_1_84' title='bbox 552 1524 640 1588; x_wconf 83' lang='lat' dir='ltr'>dr&#39;cat</span> <span class='ocrx_word' id='word_1_85' title='bbox 667 1524 827 1607; x_wconf 80' lang='lat' dir='ltr'>episcopus</span> <span class='ocrx_word' id='word_1_86' title='bbox 853 1545 971 1586; x_wconf 88' lang='lat' dir='ltr'>sonora</span> <span class='ocrx_word' id='word_1_87' title='bbox 1001 1543 1095 1587; x_wconf 82' lang='lat' dir='ltr'>reoce.</span> <span class='ocrx_word' id='word_1_88' title='bbox 1113 1524 1253 1588; x_wconf 89' lang='lat' dir='ltr'>Oremns</span> <span class='ocrx_word' id='word_1_89' title='bbox 1267 1572 1274 1585; x_wconf 91' lang='lat'>.</span> <span class='ocrx_word' id='word_1_90' title='bbox 1290 1532 1322 1585; x_wconf 92' lang='lat' dir='ltr'>et</span> <span class='ocrx_word' id='word_1_91' title='bbox 1348 1522 1527 1585; x_wconf 77' lang='lat' dir='ltr'>diaconus.</span> 
     </span>
     <span class='ocr_line' id='line_1_13' title="bbox 301 1608 1488 1694; baseline -0.001 -22"><span class='ocrx_word' id='word_1_92' title='bbox 301 1608 477 1689; x_wconf 84' lang='lat' dir='ltr'>flectamus</span> <span class='ocrx_word' id='word_1_93' title='bbox 493 1633 604 1694; x_wconf 81' lang='lat' dir='ltr'>genno</span> <span class='ocrx_word' id='word_1_94' title='bbox 620 1663 627 1675; x_wconf 94' lang='lat'>.</span> <span class='ocrx_word' id='word_1_95' title='bbox 642 1621 674 1674; x_wconf 91' lang='lat' dir='ltr'>et</span> <span class='ocrx_word' id='word_1_96' title='bbox 687 1621 765 1693; x_wconf 88' lang='lat' dir='ltr'>post</span> <span class='ocrx_word' id='word_1_97' title='bbox 780 1612 954 1694; x_wconf 85' lang='lat' dir='ltr'>paululum</span> <span class='ocrx_word' id='word_1_98' title='bbox 977 1609 1087 1673; x_wconf 68' lang='lat' dir='ltr'>dieat.</span> <span class='ocrx_word' id='word_1_99' title='bbox 1103 1612 1249 1675; x_wconf 80' lang='lat' dir='ltr'>Leriate.</span> <span class='ocrx_word' id='word_1_100' title='bbox 1266 1610 1317 1673; x_wconf 88' lang='lat' dir='ltr'>Et</span> <span class='ocrx_word' id='word_1_101' title='bbox 1332 1609 1488 1691; x_wconf 74' lang='lat' dir='ltr'>pontifex.</span> 
     </span>
    </p>
   </div>
   <div class='ocr_carea' id='block_1_4' title="bbox 317 1743 1529 2241">
    <p class='ocr_par' dir='ltr' id='par_1_4' title="bbox 324 1743 1527 1868">
     <span class='ocr_line' id='line_1_14' title="bbox 324 1743 1527 1868; baseline 0 -63"><span class='ocrx_word' id='word_1_102' title='bbox 324 1743 458 1868; x_wconf 86' lang='lat' dir='ltr'>DEus</span> <span class='ocrx_word' id='word_1_103' title='bbox 480 1746 538 1827; x_wconf 92' lang='lat' dir='ltr'>qui</span> <span class='ocrx_word' id='word_1_104' title='bbox 562 1745 772 1809; x_wconf 90' lang='lat' dir='ltr'>inuisibiliter</span> <span class='ocrx_word' id='word_1_105' title='bbox 794 1747 909 1808; x_wconf 90' lang='lat' dir='ltr'>omnia</span> <span class='ocrx_word' id='word_1_106' title='bbox 929 1746 1106 1807; x_wconf 90' lang='lat' dir='ltr'>contines.</span> <span class='ocrx_word' id='word_1_107' title='bbox 1123 1747 1182 1808; x_wconf 86' lang='lat' dir='ltr'>sed</span> <span class='ocrx_word' id='word_1_108' title='bbox 1203 1754 1317 1808; x_wconf 89' lang='lat' dir='ltr'>tarnen</span> <span class='ocrx_word' id='word_1_109' title='bbox 1339 1764 1400 1825; x_wconf 89' lang='lat' dir='ltr'>pro</span> <span class='ocrx_word' id='word_1_110' title='bbox 1420 1743 1527 1806; x_wconf 86' lang='lat' dir='ltr'>salute</span> 
     </span>
    </p>

    <p class='ocr_par' dir='ltr' id='par_1_5' title="bbox 317 1832 1529 2241">
     <span class='ocr_line' id='line_1_15' title="bbox 430 1832 1527 1913; baseline 0 -19"><span class='ocrx_word' id='word_1_111' title='bbox 430 1834 559 1913; x_wconf 86' lang='lat' dir='ltr'>generis</span> <span class='ocrx_word' id='word_1_112' title='bbox 585 1833 724 1895; x_wconf 90' lang='lat' dir='ltr'>humani</span> <span class='ocrx_word' id='word_1_113' title='bbox 755 1834 852 1913; x_wconf 87' lang='lat' dir='ltr'>signa</span> <span class='ocrx_word' id='word_1_114' title='bbox 882 1842 940 1909; x_wconf 79' lang='lat' dir='ltr'>tue</span> <span class='ocrx_word' id='word_1_115' title='bbox 972 1834 1124 1913; x_wconf 76' lang='lat' dir='ltr'>potentie</span> <span class='ocrx_word' id='word_1_116' title='bbox 1153 1832 1329 1893; x_wconf 88' lang='lat' dir='ltr'>nisibiliter</span> <span class='ocrx_word' id='word_1_117' title='bbox 1352 1832 1527 1894; x_wconf 88' lang='lat' dir='ltr'>ostendis.</span> 
     </span>
     <span class='ocr_line' id='line_1_16' title="bbox 318 1918 1527 2001; baseline 0.002 -24"><span class='ocrx_word' id='word_1_118' title='bbox 318 1918 482 1999; x_wconf 91' lang='lat' dir='ltr'>templum</span> <span class='ocrx_word' id='word_1_119' title='bbox 520 1920 584 1981; x_wconf 91' lang='lat' dir='ltr'>hoc</span> <span class='ocrx_word' id='word_1_120' title='bbox 617 1922 791 2001; x_wconf 90' lang='lat' dir='ltr'>potentiae</span> <span class='ocrx_word' id='word_1_121' title='bbox 825 1931 882 1995; x_wconf 82' lang='lat' dir='ltr'>tue</span> <span class='ocrx_word' id='word_1_122' title='bbox 914 1919 1123 1982; x_wconf 90' lang='lat' dir='ltr'>habitatione</span> <span class='ocrx_word' id='word_1_123' title='bbox 1156 1919 1319 1981; x_wconf 91' lang='lat' dir='ltr'>inlustra.</span> <span class='ocrx_word' id='word_1_124' title='bbox 1336 1931 1372 1979; x_wconf 93' lang='lat' dir='ltr'>ut</span> <span class='ocrx_word' id='word_1_125' title='bbox 1410 1936 1527 1979; x_wconf 89' lang='lat' dir='ltr'>omnes</span> 
     </span>
     <span class='ocr_line' id='line_1_17' title="bbox 317 2004 1526 2088; baseline 0 -22"><span class='ocrx_word' id='word_1_126' title='bbox 317 2004 376 2082; x_wconf 91' lang='lat' dir='ltr'>qui</span> <span class='ocrx_word' id='word_1_127' title='bbox 399 2005 463 2067; x_wconf 90' lang='lat' dir='ltr'>huc</span> <span class='ocrx_word' id='word_1_128' title='bbox 487 2006 696 2087; x_wconf 86' lang='lat' dir='ltr'>deprecaturi</span> <span class='ocrx_word' id='word_1_129' title='bbox 719 2007 926 2069; x_wconf 90' lang='lat' dir='ltr'>conueniunt</span> <span class='ocrx_word' id='word_1_130' title='bbox 948 2027 994 2068; x_wconf 90' lang='lat' dir='ltr'>ex</span> <span class='ocrx_word' id='word_1_131' title='bbox 1013 2026 1226 2088; x_wconf 88' lang='lat' dir='ltr'>quacumque</span> <span class='ocrx_word' id='word_1_132' title='bbox 1245 2004 1462 2067; x_wconf 87' lang='lat' dir='ltr'>tribulatione</span> <span class='ocrx_word' id='word_1_133' title='bbox 1483 2005 1526 2066; x_wconf 89' lang='lat' dir='ltr'>ad</span> 
     </span>
     <span class='ocr_line' id='line_1_18' title="bbox 318 2092 1529 2239; baseline 0.001 -88"><span class='ocrx_word' id='word_1_134' title='bbox 318 2100 353 2239; x_wconf 52' lang='lat' dir='ltr'>Ee</span> <span class='ocrx_word' id='word_1_135' title='bbox 378 2092 597 2155; x_wconf 89' lang='lat' dir='ltr'>clamauerint</span> <span class='ocrx_word' id='word_1_136' title='bbox 612 2140 620 2154; x_wconf 95' lang='lat'>.</span> <span class='ocrx_word' id='word_1_137' title='bbox 636 2092 875 2156; x_wconf 89' lang='lat' dir='ltr'>consolationis</span> <span class='ocrx_word' id='word_1_138' title='bbox 902 2102 960 2169; x_wconf 81' lang='lat' dir='ltr'>tue</span> <span class='ocrx_word' id='word_1_139' title='bbox 987 2092 1151 2156; x_wconf 89' lang='lat' dir='ltr'>beneficia</span> <span class='ocrx_word' id='word_1_140' title='bbox 1181 2100 1452 2173; x_wconf 87' lang='lat' dir='ltr'>consequantur.</span> <span class='ocrx_word' id='word_1_141' title='bbox 1469 2111 1529 2172; x_wconf 92' lang='lat' dir='ltr'>per</span> 
     </span>
     <span class='ocr_line' id='line_1_19' title="bbox 343 2196 504 2241; baseline 0.012 -2"><span class='ocrx_word' id='word_1_142' title='bbox 343 2196 504 2241; x_wconf 77' lang='lat' dir='ltr'>ominum.</span> 
     </span>
    </p>
   </div>
   <div class='ocr_carea' id='block_1_5' title="bbox 313 2333 1531 2506">
    <p class='ocr_par' dir='ltr' id='par_1_6' title="bbox 313 2333 1531 2506">
     <span class='ocr_line' id='line_1_20' title="bbox 363 2333 1531 2417; baseline -0.001 -23"><span class='ocrx_word' id='word_1_143' title='bbox 363 2333 447 2397; x_wconf 87' lang='lat' dir='ltr'>Item</span> <span class='ocrx_word' id='word_1_144' title='bbox 470 2334 558 2397; x_wconf 72' lang='lat' dir='ltr'>dieat</span> <span class='ocrx_word' id='word_1_145' title='bbox 572 2336 745 2417; x_wconf 80' lang='lat' dir='ltr'>pontifer.</span> <span class='ocrx_word' id='word_1_146' title='bbox 766 2335 905 2399; x_wconf 87' lang='lat' dir='ltr'>Oremns</span> <span class='ocrx_word' id='word_1_147' title='bbox 926 2347 956 2399; x_wconf 91' lang='lat' dir='ltr'>et</span> <span class='ocrx_word' id='word_1_148' title='bbox 975 2336 1131 2399; x_wconf 75' lang='lat' dir='ltr'>diaconas</span> <span class='ocrx_word' id='word_1_149' title='bbox 1149 2346 1313 2417; x_wconf 84' lang='lat' dir='ltr'>utsupra.</span> <span class='ocrx_word' id='word_1_150' title='bbox 1346 2333 1531 2395; x_wconf 88' lang='lat' dir='ltr'>Flectamns</span> 
     </span>
     <span class='ocr_line' id='line_1_21' title="bbox 313 2422 1408 2506; baseline -0.003 -21"><span class='ocrx_word' id='word_1_151' title='bbox 313 2442 431 2505; x_wconf 83' lang='lat' dir='ltr'>genna.</span> <span class='ocrx_word' id='word_1_152' title='bbox 478 2422 529 2484; x_wconf 90' lang='lat' dir='ltr'>Et</span> <span class='ocrx_word' id='word_1_153' title='bbox 540 2431 618 2503; x_wconf 89' lang='lat' dir='ltr'>post</span> <span class='ocrx_word' id='word_1_154' title='bbox 630 2422 805 2504; x_wconf 84' lang='lat' dir='ltr'>paululum</span> <span class='ocrx_word' id='word_1_155' title='bbox 827 2422 918 2485; x_wconf 72' lang='lat' dir='ltr'>anat</span> <span class='ocrx_word' id='word_1_156' title='bbox 937 2425 1062 2487; x_wconf 87' lang='lat' dir='ltr'>Lenate</span> <span class='ocrx_word' id='word_1_157' title='bbox 1076 2476 1084 2488; x_wconf 86' lang='lat'>.</span> <span class='ocrx_word' id='word_1_158' title='bbox 1100 2422 1227 2487; x_wconf 82' lang='lat' dir='ltr'>Deinde</span> <span class='ocrx_word' id='word_1_159' title='bbox 1241 2423 1408 2506; x_wconf 74' lang='lat' dir='ltr'>episcopm.</span> 
     </span>
    </p>
   </div>
   <div class='ocr_carea' id='block_1_6' title="bbox 320 2556 1531 2686">
    <p class='ocr_par' dir='ltr' id='par_1_7' title="bbox 320 2556 1531 2686">
     <span class='ocr_line' id='line_1_22' title="bbox 320 2556 1531 2686; baseline -0.003 -65"><span class='ocrx_word' id='word_1_160' title='bbox 320 2558 635 2686; x_wconf 78' lang='lat' dir='ltr'>TAbernaculum</span> <span class='ocrx_word' id='word_1_161' title='bbox 666 2560 731 2621; x_wconf 92' lang='lat' dir='ltr'>hoc</span> <span class='ocrx_word' id='word_1_162' title='bbox 762 2560 938 2638; x_wconf 83' lang='lat' dir='ltr'>ingredere</span> <span class='ocrx_word' id='word_1_163' title='bbox 961 2579 1145 2643; x_wconf 89' lang='lat' dir='ltr'>quesumus</span> <span class='ocrx_word' id='word_1_164' title='bbox 1170 2558 1385 2640; x_wconf 89' lang='lat' dir='ltr'>omnipotens</span> <span class='ocrx_word' id='word_1_165' title='bbox 1407 2556 1531 2638; x_wconf 89' lang='lat' dir='ltr'>sempi-</span> 
     </span>
    </p>
   </div>
   <div class='ocr_carea' id='block_1_7' title="bbox 265 2647 1531 3078">
    <p class='ocr_par' dir='ltr' id='par_1_8' title="bbox 265 2647 1531 3078">
     <span class='ocr_line' id='line_1_23' title="bbox 427 2647 1531 2729; baseline -0.004 -19"><span class='ocrx_word' id='word_1_166' title='bbox 427 2657 521 2710; x_wconf 90' lang='lat' dir='ltr'>terne</span> <span class='ocrx_word' id='word_1_167' title='bbox 544 2649 627 2710; x_wconf 89' lang='lat' dir='ltr'>deus</span> <span class='ocrx_word' id='word_1_168' title='bbox 644 2697 650 2709; x_wconf 95' lang='lat'>.</span> <span class='ocrx_word' id='word_1_169' title='bbox 668 2660 702 2710; x_wconf 89' lang='lat' dir='ltr'>et</span> <span class='ocrx_word' id='word_1_170' title='bbox 725 2647 871 2709; x_wconf 89' lang='lat' dir='ltr'>famulos</span> <span class='ocrx_word' id='word_1_171' title='bbox 893 2659 971 2711; x_wconf 93' lang='lat' dir='ltr'>tuos</span> <span class='ocrx_word' id='word_1_172' title='bbox 997 2657 1221 2729; x_wconf 84' lang='lat' dir='ltr'>congregatos</span> <span class='ocrx_word' id='word_1_173' title='bbox 1244 2648 1288 2709; x_wconf 89' lang='lat' dir='ltr'>ad</span> <span class='ocrx_word' id='word_1_174' title='bbox 1310 2647 1473 2708; x_wconf 92' lang='lat' dir='ltr'>honorem</span> <span class='ocrx_word' id='word_1_175' title='bbox 1497 2654 1531 2707; x_wconf 91' lang='lat' dir='ltr'>et</span> 
     </span>
     <span class='ocr_line' id='line_1_24' title="bbox 320 2729 1529 2818; baseline 0 -25"><span class='ocrx_word' id='word_1_176' title='bbox 320 2730 468 2816; x_wconf 69' lang='lat' dir='ltr'>[laudem</span> <span class='ocrx_word' id='word_1_177' title='bbox 492 2734 637 2796; x_wconf 91' lang='lat' dir='ltr'>nominis</span> <span class='ocrx_word' id='word_1_178' title='bbox 658 2734 708 2797; x_wconf 90' lang='lat' dir='ltr'>tui</span> <span class='ocrx_word' id='word_1_179' title='bbox 729 2744 832 2815; x_wconf 90' lang='lat' dir='ltr'>atque</span> <span class='ocrx_word' id='word_1_180' title='bbox 855 2735 955 2812; x_wconf 76' lang='lat' dir='ltr'>beate</span> <span class='ocrx_word' id='word_1_181' title='bbox 974 2736 1079 2812; x_wconf 74' lang='lat' dir='ltr'>marie</span> <span class='ocrx_word' id='word_1_182' title='bbox 1097 2755 1190 2797; x_wconf 90' lang='lat' dir='ltr'>sacre</span> <span class='ocrx_word' id='word_1_183' title='bbox 1210 2734 1348 2815; x_wconf 83' lang='lat' dir='ltr'>uirginis</span> <span class='ocrx_word' id='word_1_184' title='bbox 1370 2729 1441 2818; x_wconf 83' lang='lat' dir='ltr'>[fol.</span> <span class='ocrx_word' id='word_1_185' title='bbox 1457 2748 1529 2810; x_wconf 90' lang='lat' dir='ltr'>97v.</span> 
     </span>
     <span class='ocr_line' id='line_1_25' title="bbox 265 2819 1530 2902; baseline -0.001 -21"><span class='ocrx_word' id='word_1_186' title='bbox 265 2851 268 2858; x_wconf 43' lang='lat'>¹</span> <span class='ocrx_word' id='word_1_187' title='bbox 324 2821 511 2884; x_wconf 90' lang='lat' dir='ltr'>benedicito</span> <span class='ocrx_word' id='word_1_188' title='bbox 528 2868 536 2883; x_wconf 92' lang='lat'>.</span> <span class='ocrx_word' id='word_1_189' title='bbox 552 2822 639 2884; x_wconf 92' lang='lat' dir='ltr'>sicut</span> <span class='ocrx_word' id='word_1_190' title='bbox 675 2821 873 2884; x_wconf 90' lang='lat' dir='ltr'>benedicere</span> <span class='ocrx_word' id='word_1_191' title='bbox 911 2823 1070 2902; x_wconf 84' lang='lat' dir='ltr'>dignatus</span> <span class='ocrx_word' id='word_1_192' title='bbox 1107 2842 1144 2884; x_wconf 89' lang='lat' dir='ltr'>es</span> <span class='ocrx_word' id='word_1_193' title='bbox 1188 2823 1309 2884; x_wconf 93' lang='lat' dir='ltr'>domos</span> <span class='ocrx_word' id='word_1_194' title='bbox 1347 2819 1530 2902; x_wconf 89' lang='lat' dir='ltr'>patriarch·</span> 
     </span>
     <span class='ocr_line' id='line_1_26' title="bbox 321 2905 1531 2989; baseline 0 -22"><span class='ocrx_word' id='word_1_195' title='bbox 321 2927 414 2969; x_wconf 88' lang='lat' dir='ltr'>arum</span> <span class='ocrx_word' id='word_1_196' title='bbox 432 2955 438 2968; x_wconf 96' lang='lat'>.</span> <span class='ocrx_word' id='word_1_197' title='bbox 456 2908 616 2970; x_wconf 88' lang='lat' dir='ltr'>abraham</span> <span class='ocrx_word' id='word_1_198' title='bbox 635 2955 644 2971; x_wconf 94' lang='lat'>.</span> <span class='ocrx_word' id='word_1_199' title='bbox 662 2908 774 2970; x_wconf 87' lang='lat' dir='ltr'>isaac.</span> <span class='ocrx_word' id='word_1_200' title='bbox 790 2921 825 2971; x_wconf 91' lang='lat' dir='ltr'>et</span> <span class='ocrx_word' id='word_1_201' title='bbox 867 2908 986 2972; x_wconf 89' lang='lat' dir='ltr'>iacob.</span> <span class='ocrx_word' id='word_1_202' title='bbox 1003 2908 1143 2989; x_wconf 93' lang='lat' dir='ltr'>pusillos</span> <span class='ocrx_word' id='word_1_203' title='bbox 1188 2929 1264 2970; x_wconf 89' lang='lat' dir='ltr'>curn</span> <span class='ocrx_word' id='word_1_204' title='bbox 1312 2905 1531 2989; x_wconf 85' lang='lat' dir='ltr'>magnis.ita</span> 
     </span>
     <span class='ocr_line' id='line_1_27' title="bbox 321 2993 1356 3078; baseline 0.002 -24"><span class='ocrx_word' id='word_1_205' title='bbox 321 2993 518 3057; x_wconf 90' lang='lat' dir='ltr'>benedicere</span> <span class='ocrx_word' id='word_1_206' title='bbox 540 3005 574 3058; x_wconf 90' lang='lat' dir='ltr'>et</span> <span class='ocrx_word' id='word_1_207' title='bbox 597 2993 804 3057; x_wconf 90' lang='lat' dir='ltr'>sanctificare</span> <span class='ocrx_word' id='word_1_208' title='bbox 828 3016 886 3058; x_wconf 92' lang='lat' dir='ltr'>eos</span> <span class='ocrx_word' id='word_1_209' title='bbox 909 2996 1071 3076; x_wconf 86' lang='lat' dir='ltr'>dignare.</span> <span class='ocrx_word' id='word_1_210' title='bbox 1088 3016 1147 3078; x_wconf 89' lang='lat' dir='ltr'>per</span> <span class='ocrx_word' id='word_1_211' title='bbox 1168 2995 1356 3058; x_wconf 89' lang='lat' dir='ltr'>dominum.</span> 
     </span>
    </p>
   </div>
   <div class='ocr_carea' id='block_1_8' title="bbox 319 3153 1534 3499">
    <p class='ocr_par' dir='ltr' id='par_1_9' title="bbox 319 3153 1534 3499">
     <span class='ocr_line' id='line_1_28' title="bbox 366 3153 1530 3239; baseline -0.001 -21"><span class='ocrx_word' id='word_1_212' title='bbox 366 3155 494 3218; x_wconf 86' lang='lat' dir='ltr'>Deinde</span> <span class='ocrx_word' id='word_1_213' title='bbox 521 3153 659 3237; x_wconf 88' lang='lat' dir='ltr'>incipiat</span> <span class='ocrx_word' id='word_1_214' title='bbox 686 3155 789 3218; x_wconf 86' lang='lat' dir='ltr'>clerus</span> <span class='ocrx_word' id='word_1_215' title='bbox 821 3157 979 3219; x_wconf 84' lang='lat' dir='ltr'>letaniam</span> <span class='ocrx_word' id='word_1_216' title='bbox 1012 3156 1126 3220; x_wconf 84' lang='lat' dir='ltr'>subtus</span> <span class='ocrx_word' id='word_1_217' title='bbox 1151 3165 1383 3239; x_wconf 89' lang='lat' dir='ltr'>prenotatam.</span> <span class='ocrx_word' id='word_1_218' title='bbox 1399 3164 1432 3218; x_wconf 92' lang='lat' dir='ltr'>et</span> <span class='ocrx_word' id='word_1_219' title='bbox 1458 3175 1530 3217; x_wconf 91' lang='lat' dir='ltr'>cum</span> 
     </span>
     <span class='ocr_line' id='line_1_29' title="bbox 322 3243 1534 3324; baseline -0.002 -19"><span class='ocrx_word' id='word_1_220' title='bbox 322 3245 472 3307; x_wconf 85' lang='lat' dir='ltr'>uenerint</span> <span class='ocrx_word' id='word_1_221' title='bbox 492 3251 570 3305; x_wconf 89' lang='lat' dir='ltr'>ante</span> <span class='ocrx_word' id='word_1_222' title='bbox 588 3243 694 3306; x_wconf 88' lang='lat' dir='ltr'>altare</span> <span class='ocrx_word' id='word_1_223' title='bbox 716 3243 868 3323; x_wconf 78' lang='lat' dir='ltr'>pontifex</span> <span class='ocrx_word' id='word_1_224' title='bbox 887 3251 918 3306; x_wconf 89' lang='lat' dir='ltr'>et</span> <span class='ocrx_word' id='word_1_225' title='bbox 938 3244 1085 3307; x_wconf 83' lang='lat' dir='ltr'>sacerdes</span> <span class='ocrx_word' id='word_1_226' title='bbox 1101 3244 1174 3306; x_wconf 88' lang='lat' dir='ltr'>sine</span> <span class='ocrx_word' id='word_1_227' title='bbox 1190 3243 1308 3306; x_wconf 86' lang='lat' dir='ltr'>Lenite</span> <span class='ocrx_word' id='word_1_228' title='bbox 1321 3250 1534 3324; x_wconf 87' lang='lat' dir='ltr'>prosternant</span> 
     </span>
     <span class='ocr_line' id='line_1_30' title="bbox 320 3328 1531 3480; baseline -0.002 -88"><span class='ocrx_word' id='word_1_229' title='bbox 320 3351 354 3393; x_wconf 89' lang='lat' dir='ltr'>se</span> <span class='ocrx_word' id='word_1_230' title='bbox 389 3330 534 3480; x_wconf 43' lang='lat' dir='ltr'>sechZm</span> <span class='ocrx_word' id='word_1_231' title='bbox 573 3329 658 3392; x_wconf 86' lang='lat' dir='ltr'>inter</span> <span class='ocrx_word' id='word_1_232' title='bbox 694 3351 728 3392; x_wconf 92' lang='lat' dir='ltr'>se</span> <span class='ocrx_word' id='word_1_233' title='bbox 764 3331 942 3393; x_wconf 89' lang='lat' dir='ltr'>orationem</span> <span class='ocrx_word' id='word_1_234' title='bbox 971 3330 1135 3413; x_wconf 82' lang='lat' dir='ltr'>facientes</span> <span class='ocrx_word' id='word_1_235' title='bbox 1155 3377 1163 3392; x_wconf 99' lang='lat'>.</span> <span class='ocrx_word' id='word_1_236' title='bbox 1187 3328 1365 3412; x_wconf 83' lang='lat' dir='ltr'>usquedum</span> <span class='ocrx_word' id='word_1_237' title='bbox 1400 3329 1531 3390; x_wconf 83' lang='lat' dir='ltr'>dicatur</span> 
     </span>
     <span class='ocr_line' id='line_1_31' title="bbox 319 3437 510 3499; baseline 0.01 -21"><span class='ocrx_word' id='word_1_238' title='bbox 319 3437 428 3499; x_wconf 79' lang='lat' dir='ltr'>agnas</span> <span class='ocrx_word' id='word_1_239' title='bbox 502 3462 510 3480; x_wconf 90' lang='lat'>.</span> 
     </span>
    </p>
   </div>
   <div class='ocr_carea' id='block_1_9' title="bbox 367 3526 1290 4482">
    <p class='ocr_par' dir='ltr' id='par_1_10' title="bbox 367 3526 1290 3852">
     <span class='ocr_line' id='line_1_32' title="bbox 367 3526 1146 3609; baseline 0.003 -19"><span class='ocrx_word' id='word_1_240' title='bbox 367 3528 512 3609; x_wconf 80' lang='lat' dir='ltr'>*Kyrrie</span> <span class='ocrx_word' id='word_1_241' title='bbox 534 3527 682 3590; x_wconf 75' lang='lat' dir='ltr'>eleison*</span> <span class='ocrx_word' id='word_1_242' title='bbox 706 3538 765 3592; x_wconf 88' lang='lat' dir='ltr'>ter.</span> <span class='ocrx_word' id='word_1_243' title='bbox 813 3526 968 3593; x_wconf 77' lang='lat' dir='ltr'>*Christe</span> <span class='ocrx_word' id='word_1_244' title='bbox 990 3529 1146 3593; x_wconf 81' lang='lat' dir='ltr'>eleison*</span> 
     </span>
     <span class='ocr_line' id='line_1_33' title="bbox 367 3614 1163 3681; baseline 0.004 -4"><span class='ocrx_word' id='word_1_245' title='bbox 367 3614 536 3678; x_wconf 77' lang='lat' dir='ltr'>&#39;Domine</span> <span class='ocrx_word' id='word_1_246' title='bbox 559 3615 744 3679; x_wconf 81' lang='lat' dir='ltr'>miserere&#39;</span> <span class='ocrx_word' id='word_1_247' title='bbox 811 3614 956 3680; x_wconf 81' lang='lat' dir='ltr'>*christe</span> <span class='ocrx_word' id='word_1_248' title='bbox 979 3615 1163 3681; x_wconf 79' lang='lat' dir='ltr'>miserere*</span> 
     </span>
     <span class='ocr_line' id='line_1_34' title="bbox 367 3702 1290 3784; baseline 0.003 -20"><span class='ocrx_word' id='word_1_249' title='bbox 367 3702 547 3764; x_wconf 77' lang='lat' dir='ltr'>*Miserere</span> <span class='ocrx_word' id='word_1_250' title='bbox 569 3703 674 3765; x_wconf 86' lang='lat' dir='ltr'>nostri</span> <span class='ocrx_word' id='word_1_251' title='bbox 697 3704 752 3784; x_wconf 87' lang='lat' dir='ltr'>pie</span> <span class='ocrx_word' id='word_1_252' title='bbox 775 3723 836 3766; x_wconf 88' lang='lat' dir='ltr'>rex</span> <span class='ocrx_word' id='word_1_253' title='bbox 859 3705 998 3766; x_wconf 90' lang='lat' dir='ltr'>domine</span> <span class='ocrx_word' id='word_1_254' title='bbox 1021 3705 1114 3767; x_wconf 91' lang='lat' dir='ltr'>ihesu</span> <span class='ocrx_word' id='word_1_255' title='bbox 1138 3702 1290 3768; x_wconf 78' lang='lat' dir='ltr'>christe*</span> 
     </span>
     <span class='ocr_line' id='line_1_35' title="bbox 389 3787 714 3852; baseline 0 0"><span class='ocrx_word' id='word_1_256' title='bbox 389 3787 522 3852; x_wconf 90' lang='lat' dir='ltr'>Christe</span> <span class='ocrx_word' id='word_1_257' title='bbox 544 3788 623 3850; x_wconf 90' lang='lat' dir='ltr'>audi</span> <span class='ocrx_word' id='word_1_258' title='bbox 646 3809 714 3852; x_wconf 90' lang='lat' dir='ltr'>nos.</span> 
     </span>
    </p>

    <p class='ocr_par' dir='ltr' id='par_1_11' title="bbox 367 3873 1092 4026">
     <span class='ocr_line' id='line_1_36' title="bbox 367 3873 1092 3942; baseline 0.007 -5"><span class='ocrx_word' id='word_1_259' title='bbox 367 3874 567 3938; x_wconf 74' lang='lat' dir='ltr'>*¹snucrA</span> <span class='ocrx_word' id='word_1_260' title='bbox 591 3873 734 3939; x_wconf 68' lang='lat' dir='ltr'>nieuw</span> <span class='ocrx_word' id='word_1_261' title='bbox 757 3891 833 3941; x_wconf 80' lang='lat' dir='ltr'>onA</span> <span class='ocrx_word' id='word_1_262' title='bbox 858 3892 929 3942; x_wconf 76' lang='lat' dir='ltr'>eno</span> <span class='ocrx_word' id='word_1_263' title='bbox 953 3877 1092 3942; x_wconf 74' lang='lat' dir='ltr'>nouis*</span> 
     </span>
     <span class='ocr_line' id='line_1_37' title="bbox 387 3960 721 4026; baseline 0.006 -2"><span class='ocrx_word' id='word_1_264' title='bbox 387 3960 535 4025; x_wconf 88' lang='lat' dir='ltr'>lSancte</span> <span class='ocrx_word' id='word_1_265' title='bbox 558 3961 721 4026; x_wconf 87' lang='lat' dir='ltr'>michael¹</span> 
     </span>
    </p>

    <p class='ocr_par' dir='ltr' id='par_1_12' title="bbox 389 4049 670 4131">
     <span class='ocr_line' id='line_1_38' title="bbox 389 4049 670 4131; baseline -0.004 -18"><span class='ocrx_word' id='word_1_266' title='bbox 389 4049 513 4113; x_wconf 87' lang='lat' dir='ltr'>Sancte</span> <span class='ocrx_word' id='word_1_267' title='bbox 535 4049 670 4131; x_wconf 86' lang='lat' dir='ltr'>gabriel.</span> 
     </span>
    </p>

    <p class='ocr_par' dir='ltr' id='par_1_13' title="bbox 390 4135 683 4218">
     <span class='ocr_line' id='line_1_39' title="bbox 390 4135 683 4218; baseline 0.003 -18"><span class='ocrx_word' id='word_1_268' title='bbox 390 4135 513 4200; x_wconf 88' lang='lat' dir='ltr'>Sancte</span> <span class='ocrx_word' id='word_1_269' title='bbox 536 4136 683 4218; x_wconf 89' lang='lat' dir='ltr'>raphael.</span> 
     </span>
    </p>

    <p class='ocr_par' dir='ltr' id='par_1_14' title="bbox 368 4221 902 4308">
     <span class='ocr_line' id='line_1_40' title="bbox 368 4221 902 4308; baseline 0.004 -21"><span class='ocrx_word' id='word_1_270' title='bbox 368 4221 508 4287; x_wconf 82' lang='lat' dir='ltr'>*Omnis</span> <span class='ocrx_word' id='word_1_271' title='bbox 531 4222 652 4286; x_wconf 89' lang='lat' dir='ltr'>chorus</span> <span class='ocrx_word' id='word_1_272' title='bbox 674 4225 902 4308; x_wconf 75' lang='lat' dir='ltr'>angelorum*</span> 
     </span>
    </p>

    <p class='ocr_par' dir='ltr' id='par_1_15' title="bbox 389 4309 706 4376">
     <span class='ocr_line' id='line_1_41' title="bbox 389 4309 706 4376; baseline 0.006 -2"><span class='ocrx_word' id='word_1_273' title='bbox 389 4309 512 4374; x_wconf 89' lang='lat' dir='ltr'>Sancte</span> <span class='ocrx_word' id='word_1_274' title='bbox 535 4310 706 4376; x_wconf 90' lang='lat' dir='ltr'>iohannes.</span> 
     </span>
    </p>

    <p class='ocr_par' dir='ltr' id='par_1_16' title="bbox 388 4396 951 4482">
     <span class='ocr_line' id='line_1_42' title="bbox 388 4396 951 4482; baseline 0.004 -20"><span class='ocrx_word' id='word_1_275' title='bbox 388 4396 509 4462; x_wconf 92' lang='lat' dir='ltr'>Omnis</span> <span class='ocrx_word' id='word_1_276' title='bbox 533 4398 653 4462; x_wconf 91' lang='lat' dir='ltr'>chorus</span> <span class='ocrx_word' id='word_1_277' title='bbox 675 4400 951 4482; x_wconf 88' lang='lat' dir='ltr'>patriarcharum.</span> 
     </span>
    </p>
   </div>
   <div class='ocr_carea' id='block_1_10' title="bbox 721 4527 1139 4594">
    <p class='ocr_par' dir='ltr' id='par_1_17' title="bbox 721 4527 1139 4594">
     <span class='ocr_line' id='line_1_43' title="bbox 721 4527 1139 4594; baseline 0.031 -25"><span class='ocrx_word' id='word_1_278' title='bbox 721 4527 772 4564; x_wconf 89' lang='lat'>¹-¹</span> <span class='ocrx_word' id='word_1_279' title='bbox 791 4527 874 4578; x_wconf 86' lang='lat' dir='ltr'>These</span> <span class='ocrx_word' id='word_1_280' title='bbox 884 4530 968 4579; x_wconf 76' lang='lat' dir='ltr'>words</span> <span class='ocrx_word' id='word_1_281' title='bbox 979 4545 1020 4579; x_wconf 81' lang='lat' dir='ltr'>are</span> <span class='ocrx_word' id='word_1_282' title='bbox 1033 4529 1058 4577; x_wconf 87' lang='lat' dir='ltr'>ln</span> <span class='ocrx_word' id='word_1_283' title='bbox 1069 4531 1139 4594; x_wconf 83' lang='lat' dir='ltr'>gold.</span> 
     </span>
    </p>
   </div>
   <div class='ocr_carea' id='block_1_11' title="bbox 0 0 1693 5250">
    <p class='ocr_par' dir='ltr' id='par_1_18' title="bbox 0 0 1693 5250">
     <span class='ocr_line' id='line_1_44' title="bbox 0 0 1693 5250; baseline 0 0"><span class='ocrx_word' id='word_1_284' title='bbox 0 0 1693 5250; x_wconf 95' lang='lat' dir='ltr'> </span> 
     </span>
    </p>
   </div>
  </div>
 </body>
</html>
