3375 5250
391 369 448 417 DE
468 370 599 420 SACRIS
620 371 831 421 ORDINIBUS
850 372 1154 421 BENEDICENDIS.
1334 382 1382 432 129

409 644 491 712 Cum
512 644 614 709 datur
634 644 776 710 anulus.
792 644 871 709 haec
890 645 996 709 oratio
1016 644 1153 709 dautur.

174 752 340 933 Accipe
370 826 451 887 ergo
474 805 612 870 anulum
638 804 850 870 discretionis
880 814 914 870 et
943 805 1080 870 honoris
1110 804 1191 869 fidei
1220 805 1379 888 signum.

280 904 317 959 ut
341 914 428 977 quae
453 892 652 977 signanda
647 902 725 957 sunt
755 893 892 976 signes.
907 901 942 957 et
972 913 1059 976 quae
1087 892 1269 975 aperienda
1298 904 1377 957 sunt

172 981 320 1063 prodas.
335 1001 423 1063 quae
437 980 574 1062 liganda
595 988 673 1044 sunt
697 979 803 1063 liges
819 1000 907 1062 quae
928 980 1092 1045 soluenda
1114 990 1193 1045 sunt
1216 979 1375 1059 soluest.

172 1077 275 1150 atque
315 1068 527 1133 credentibus
564 1086 632 1168 per·
656 1065 757 1130 fidem
791 1066 1029 1148 baptismatis.
1044 1067 1149 1151 lapsis
1189 1076 1304 1132 autem
1342 1078 1376 1131 et

172 1155 437 1257 poenitentibus
455 1174 514 1239 per
550 1153 771 1218 ministerium
809 1154 1091 1219 reconciliationis
1127 1154 1244 1218 ianuas
1282 1155 1376 1238 regni

171 1241 324 1307 caelestis
346 1241 502 1326 aperias.
517 1242 646 1306 cunctis
672 1260 752 1306 uero
775 1241 820 1306 de
841 1240 1001 1306 thesauro
1026 1240 1197 1307 dominico
1221 1261 1311 1305 noua
1341 1252 1377 1305 et

172 1337 286 1394 uetera
326 1328 501 1412 proferas.
518 1330 561 1393 ad
600 1337 771 1392 aeternam
810 1327 955 1393 salutem
994 1328 1145 1393 omnium
1185 1329 1377 1393 consolator

169 1416 279 1497 gratia
301 1415 435 1480 ¹domini
465 1416 570 1481 nostri
600 1415 694 1480 ihesu
725 1415 838 1480 christi
854 1465 862 1479 .
877 1417 935 1499 qui
965 1437 1043 1480 cum
1073 1428 1169 1499 patre
1195 1425 1229 1480 et
1253 1415 1373 1498 spiritu

173 1510 314 1569 sancto,
333 1502 427 1569 uiuit

529 1762 670 1829 additio
692 1764 727 1829 in
748 1766 1021 1831 corrsecrationem

178 1926 312 2054 DEus
328 1927 494 1991 honorum
510 1928 681 1993 omnium.
696 1927 780 1991 deus
796 1925 947 1991 omnium
964 1927 1187 2011 dignitatum
1203 1949 1289 2012 quae
1304 1928 1376 2012 glo·

284 2035 354 2079 rrae
383 2024 463 2078 tuae
492 2014 595 2077 sacris
617 2012 824 2078 famulantur
853 2014 1050 2081 ordinibus
1067 2016 1146 2080 huic
1168 2016 1295 2081 lamulo
1317 2026 1378 2081 tuo

171 2102 228 2165 N.
244 2121 345 2183 quem
375 2101 581 2185 apostolicae
611 2101 700 2165 sedis
723 2101 912 2183 praesulem
943 2110 978 2166 et
1008 2102 1189 2185 primatem
1221 2103 1375 2168 sacerdo·

169 2198 243 2253 tum
281 2208 321 2253 ac
361 2188 522 2253 ecclesiae
568 2199 647 2253 tuae
696 2189 870 2252 doctorem
912 2188 1068 2255 dedisti.
1092 2199 1126 2254 et
1167 2190 1211 2255 ad
1250 2191 1374 2254 summi

169 2273 363 2360 salcerdotii
387 2275 609 2339 ministerium
633 2274 788 2357 elegisti.
805 2276 893 2339 hanc
915 2295 1099 2359 quesumus
1116 2278 1176 2341 do·
1192 2277 1263 2361 [fol.
1283 2294 1374 2361 149v.

171 2365 261 2427 mine
284 2363 427 2446 gratiam
452 2363 623 2445 largiaris.
642 2372 680 2426 ut
702 2363 899 2427 cathedram
929 2361 1158 2445 pontificalem
1185 2365 1228 2429 ad
1259 2384 1377 2447 regen-

169 2451 248 2513 dam
293 2450 450 2514 eclesiam
495 2460 589 2515 tuam
626 2458 660 2513 et
704 2448 838 2533 plebem
881 2451 1073 2515 uniuersam
1111 2452 1274 2516 ascendat
1291 2502 1299 2515 .
1315 2472 1375 2535 per

169 2538 353 2604 dominum.

190 2867 258 2931 Hic
279 2865 433 2930 mittatur
454 2864 489 2929 in
511 2862 696 2928 cathedram
718 2863 920 2948 episcopalem
941 2875 974 2928 et
992 2866 1067 2930 haec
1087 2869 1192 2932 oratio
1213 2869 1351 2934 dicatur.

173 3004 435 3132 OMnipotens
451 3010 547 3085 pater
561 3001 725 3075 sanctae†
708 3001 843 3075 †deus
858 3002 1062 3080 aeternael.
1072 3015 1109 3070 tu
1126 3027 1261 3073 onmem
1282 3008 1371 3073 ordi-

140 3169 142 3172 ·
285 3111 362 3155 nem
378 3091 537 3173 dignatus
556 3110 592 3152 es
608 3091 642 3152 in
660 3088 862 3154 caelestibus
877 3091 1013 3154 sedibus
1028 3093 1207 3160 ordinare.
1223 3096 1258 3159 in
1274 3097 1371 3161 caelo

168 3178 338 3242 domine
328 3197 363 3241 m
386 3187 539 3256 eternum
566 3185 741 3260 permanet
769 3178 910 3240 uerbum
940 3188 1060 3244 tuum.
1077 3179 1134 3244 ubi
1164 3182 1303 3264 angelos
1333 3195 1368 3247 et

170 3265 389 3348 archangelos
424 3283 486 3327 suo
515 3263 577 3327 tibi
609 3265 727 3327 ordine
743 3265 966 3346 manciparis.
982 3275 1017 3329 et
1046 3267 1081 3329 in
1111 3270 1234 3332 ueteris
1264 3279 1366 3334 testa·

170 3354 274 3418 menti
301 3349 477 3436 priuilegio
507 3370 647 3431 moysen
675 3359 709 3414 et
739 3350 841 3414 aaron
872 3361 907 3414 et
936 3353 1111 3417 samuhel
1128 3355 1216 3420 inter
1244 3377 1303 3421 eos
1332 3357 1367 3420 in

169 3440 399 3504 sacerdotibus
429 3437 495 3501 tuis
526 3438 582 3520 qui
617 3438 776 3501 inuocant
813 3458 935 3501 nomen
970 3449 1065 3503 tuum
1095 3443 1301 3523 patriarchas
1331 3456 1366 3508 et

169 3527 350 3610 prophetas
378 3545 437 3609 per
461 3520 648 3607 unginem†
673 3526 861 3590 ordinasti.
881 3527 916 3589 in
939 3545 1029 3590 nouo
1053 3548 1114 3629 per
1139 3528 1244 3594 filium
1268 3540 1365 3596 tuum

169 3613 299 3678 ihesum
334 3611 495 3677 christum
534 3612 705 3693 apostolos
738 3621 895 3677 sanctos
914 3622 948 3678 et
985 3616 1142 3698 precipue
1173 3619 1365 3719 apostolum

169 3701 336 3783 petrum
325 3721 359 3764 m
382 3700 576 3763 cathedram
606 3699 742 3762 honoris
772 3700 947 3763 uniuersae
970 3701 1111 3765 eclesiae
1140 3706 1363 3786 preposuisti.

169 3797 203 3852 et
234 3787 396 3852 mathiam
427 3786 577 3850 eiusdem
600 3795 789 3849 consortem
820 3787 854 3848 in
877 3787 1105 3869 apostolatum
1128 3800 1230 3873 atque
1252 3792 1366 3856 cathe-

170 3876 266 3938 dram
296 3873 433 3938 honoris
463 3873 689 3936 enumerasti.
705 3872 793 3958 set
783 3893 818 3936 1n
846 3893 1020 3938 numerum
1042 3886 1175 3941 sancto-
1198 3876 1268 3964 [fol.
1295 3892 1365 3960 150.

170 3981 243 4025 rum
273 3961 425 4026 omnium
455 3960 683 4042 apostolorum
713 3961 894 4024 euocasti.
917 3981 1099 4044 quesumus
1134 3984 1195 4048 pro
1227 3974 1286 4029 tua
1316 3969 1366 4029 in-

170 4068 287 4112 mensa
317 4047 568 4113 misericordia.
586 4048 619 4109 in
650 4048 772 4111 nostris
801 4048 1009 4130 temporibus
1036 4050 1081 4113 da
1103 4060 1197 4115 tuam
1221 4054 1364 4134 gratiam

171 4135 264 4202 fratri
287 4145 401 4199 nostro
426 4134 484 4198 ill.
500 4135 544 4198 ad
568 4135 673 4198 instar
694 4143 789 4198 sanct
791 4154 886 4197 orum
909 4137 1139 4240 apostolorum
1161 4149 1295 4203 tuorum
1316 4161 1369 4205 se·

170 4223 361 4287 dentium
352 4242 385 4285 m
417 4221 576 4285 cathedra
606 4223 742 4284 honoris
772 4231 806 4285 et
836 4222 1035 4303 dignitatis.
1050 4233 1089 4288 ut
1118 4227 1152 4288 in
1182 4236 1365 4311 conspectu

170 4310 355 4376 maiestatis
377 4320 456 4374 tuae
480 4309 602 4390 dignus
625 4309 751 4372 honore
769 4317 953 4392 appareat
968 4331 1028 4393 per
1042 4312 1229 4378 dominum.

211 4547 369 4600 ROBERT.
1214 4554 1242 4603 K
