3375 5250
534 414 790 465 CONSECRATIO
811 417 1029 469 ECCLESIAE.
1344 433 1378 482 93

159 575 287 643 Deinde
296 576 411 660 faciat
430 580 563 661 signum
586 576 627 642 de
646 579 710 641 oleo
718 587 840 728 ίᾳηιίθ
852 589 954 728 bernier
969 588 1125 661 patenam
1141 627 1148 643 .
1165 590 1196 642 et
1217 579 1378 644 benedicat

625 686 696 728 eam
742 685 771 728 rs
793 685 852 728 uer
872 686 910 730 cs.

163 801 407 933 Consecrare
431 811 465 867 et
487 802 696 867 sanctificare
718 804 867 886 digneris
890 805 1026 868 domine
1050 805 1134 868 deus
1157 806 1372 889 omnipotens

265 899 424 973 patenam
454 891 542 953 hanc
558 940 565 955 .
582 911 641 972 per
667 891 768 954 istam
799 891 994 955 unctionem
1026 901 1060 955 et
1090 901 1241 956 nostram
1272 892 1372 957 bene-

162 976 345 1042 dictionem
369 978 402 1041 in
426 978 552 1041 christo
576 977 668 1042 ihesu
697 978 836 1042 domino
863 989 1000 1044 nostro.
1018 978 1075 1061 qui
1102 988 1214 1043 tecum
1239 988 1278 1044 etv
1295 999 1372 1044 cum

162 1064 281 1146 spiritu
305 1074 425 1130 sancto
447 1065 542 1129 uiuit.
1240 1105 1243 1110 -

216 1232 222 1242 '
725 1237 817 1301 Alia.

161 1373 317 1499 lDEus
340 1372 396 1456 qui
419 1379 498 1455 post
520 1373 671 1456 typicum
696 1373 823 1456 pascha
846 1383 879 1437 et
903 1375 968 1438 esis
991 1374 1070 1456 agni
1092 1395 1185 1438 carn·
1209 1371 1281 1461 [tot.
1305 1393 1374 1440 112.

289 1459 363 1523 ibus
379 1509 386 1524 .
403 1479 526 1543 panem
551 1481 596 1522 ex
619 1460 732 1524 catino
755 1480 886 1523 sumere
909 1461 943 1523 in
971 1461 1094 1543 proprii
1122 1463 1375 1545 comparatione

162 1548 310 1630 corporis
326 1596 333 1611 .
350 1556 385 1610 et
423 1546 597 1629 discipulis
634 1547 833 1611 distribuere
872 1547 1031 1630 dignatus
1075 1569 1111 1612 es
1128 1598 1137 1614 .
1153 1558 1187 1613 te
1232 1550 1374 1635 supplici

75 1707 84 1718 ,
162 1634 345 1698 deuotione
389 1634 602 1717 deposcimus
619 1683 626 1697 .
643 1644 680 1698 ut
725 1635 929 1717 quicumque
971 1656 1016 1699 ex
1054 1634 1118 1699 hac
1155 1644 1280 1718 patena
1317 1657 1374 1700 ore

161 1741 284 1804 panem
321 1730 489 1785 sacratum
527 1720 755 1804 perciperint†
769 1770 777 1785 .
793 1730 829 1784 te
866 1723 982 1785 uiuum
1020 1731 1055 1786 et
1093 1741 1210 1787 uerum
1248 1744 1371 1806 panem

162 1809 262 1872 corde
296 1808 535 1890 concupiscant
569 1817 603 1872 et
634 1809 845 1890 capiant.et
877 1808 1148 1874 benedictionem
1181 1821 1373 1875 mereantur

163 1895 332 1978 percipere
350 1896 613 1977 sempiternam.
630 1914 689 1977 per
711 1904 745 1959 te
768 1896 915 1978 domine]
925 1896 1020 1960 ihesu
1042 1897 1184 1961 christe.
1198 1897 1255 1980 qui
1278 1898 1374 1964 uiuis.

526 2119 589 2184 Ad
606 2121 734 2184 calicem
758 2121 1012 2186 benedicendum.

235 2263 365 2326 Ramus
387 2270 422 2326 te
445 2261 582 2325 domine
605 2260 687 2324 deus
712 2271 847 2326 noster.
866 2269 903 2325 ut
926 2262 1064 2326 calicem
1088 2262 1190 2326 istum
1214 2264 1248 2326 in
1277 2285 1373 2328 usum

278 2350 452 2413 ministerii
482 2350 532 2413 tui
559 2349 823 2413 consecrandum
855 2349 988 2427 celestis
1018 2350 1125 2431 gratie
1156 2351 1377 2432 inspiratione

165 2435 374 2501 sanctifices.
391 2444 426 2499 et
446 2436 490 2500 ad
511 2436 694 2500 humanam
715 2435 986 2500 benedictionem
1006 2437 1249 2519 plenitudinem
1269 2438 1376 2502 diuini

165 2521 289 2589 fauoris
311 2525 548 2588 accommodes
563 2573 571 2588 .
587 2544 647 2604 per
669 2523 844 2586 dominum
869 2533 1030 2588 nostrum.

440 2761 511 2825 Hic
531 2761 673 2843 inungat
692 2761 820 2824 calicem
843 2781 935 2823 sacro
956 2760 1116 2825 crismate.

172 2902 359 3031 Dignare
380 2900 519 2964 domine
542 2899 625 2962 deus
649 2908 763 2961 noster
789 2897 927 2961 calicem
956 2898 1057 2962 istum
1085 2898 1119 2962 in
1151 2919 1248 2963 usum
1280 2899 1378 2963 mini-

278 2988 370 3052 sterii
405 2988 455 3050 tui
496 2986 553 3068 pia
590 2986 772 3050 deuotione
810 2985 991 3049 formatum
1011 3034 1018 3048 .
1035 3005 1075 3049 ea
1112 2986 1377 3051 sanctificatione

166 3074 388 3155 perfundere.
405 3093 472 3157 qua
509 3072 756 3136 melchisedech
791 3071 907 3136 famuli
945 3074 993 3135 tui
1032 3081 1198 3136 sacratum
1240 3074 1377 3139 calicem

167 3161 364 3243 perfudisti.
384 3171 418 3225 et
445 3161 536 3243 quod
568 3168 639 3223 arte
669 3160 723 3224 uel
751 3159 890 3223 metallo
917 3160 1001 3222 effici
1032 3179 1100 3222 non
1136 3170 1249 3241 potest
1279 3159 1378 3225 altar·

167 3247 241 3313 ibus
286 3249 353 3313 tuis
395 3246 636 3330 dignum.fiat
678 3256 737 3310 tua
779 3246 1014 3310 benedictione
1050 3248 1232 3329 pretiosum
1277 3257 1379 3331 atque

167 3334 412 3401 sanctificatum
428 3385 436 3400 .
452 3355 511 3418 per
534 3334 717 3397 dominum.

680 3569 763 3633 Item
785 3570 864 3633 alia.

169 3712 182 3797 l
253 3710 324 3774 Eus
361 3708 418 3791 qui
456 3716 595 3789 accepto
633 3715 667 3769 et
703 3705 883 3770 distributo
920 3726 1008 3790 pane
1046 3714 1143 3769 uetus
1188 3702 1259 3792 [fol.
1288 3725 1379 3773 112v.

296 3796 522 3860 determinans
553 3793 678 3877 pascha
703 3802 738 3857 et
764 3813 890 3857 nouum
917 3794 1113 3858 insinuans.
1130 3794 1267 3858 calicem
1295 3798 1378 3860 acci-

169 3884 264 3966 piens
294 3882 521 3948 benedixisti.
538 3891 572 3945 et
598 3879 771 3960 discipulis
797 3881 864 3943 tuis
891 3880 935 3943 ad
962 3879 1145 3944 bibendum
1173 3883 1378 3964 porrexisti.

170 3971 293 4054 quique
315 3971 349 4034 in
376 3989 474 4033 cruce
501 3989 561 4051 pro
589 3967 705 4030 mundi
736 3966 845 4031 salute
876 3968 1029 4049 positus,
1046 3987 1168 4049 aquam
1200 3989 1245 4032 ex
1276 3970 1381 4035 latere

170 4058 305 4141 proprio
349 4078 417 4120 una
461 4076 538 4119 cum
582 4056 746 4135 sanguine
783 4054 985 4135 profluxisse
1023 4074 1168 4137 superna
1205 4058 1381 4121 sanctione

170 4144 330 4209 uoluisti.
348 4144 475 4226 respice
510 4143 674 4225 propitius
704 4140 748 4203 ad
782 4140 981 4205 humilitatis
1012 4149 1125 4220 nostre
1155 4142 1380 4209 famulatum.

172 4242 206 4296 et
236 4252 297 4314 per
322 4240 356 4295 te
383 4230 565 4314 inpositam
595 4228 863 4292 benedictionem
880 4277 888 4292 .
905 4237 938 4291 et
969 4238 1081 4310 presta
1111 4237 1149 4291 ut
1176 4229 1378 4314 quicumque

172 4338 217 4382 ex
253 4320 318 4382 hoc
354 4318 458 4382 calice
492 4316 670 4398 mysticam
701 4315 873 4397 sanguinis
901 4314 950 4378 tui
985 4314 1182 4378 memoriam
1214 4320 1380 4382 mundato

171 4405 273 4470 corde
294 4412 490 4489 pregustent
505 4451 513 4468 .
530 4411 744 4485 peccatorum
768 4402 920 4465 omnium
948 4422 968 4464 a
1002 4411 1036 4465 te
1067 4401 1379 4469 misericordissimo

172 4492 306 4557 ueniam
329 4503 363 4557 et
386 4491 510 4575 gaudia
531 4489 702 4573 impetrari
725 4498 917 4554 mereantur
939 4498 1075 4555 eterna.
1092 4507 1153 4572 per
1175 4490 1359 4557 dominum.
