3375 5250
610 427 928 478 BENEDICTIONES
946 427 1204 478 EPISCOPALES.
1246 485 1250 492 Ι

744 628 903 712 Quium
927 629 1058 693 Fanrn.

299 783 591 914 OMnipotentis
617 782 672 848 dei
696 793 730 847 et
755 782 883 846 domini
920 780 1024 844 nostri
1060 780 1353 845 benedictionibus
1384 785 1512 865 replea-

410 872 514 935 mini.
531 872 625 934 cuius
648 871 727 934 estis
752 870 916 952 sanguine
939 870 1086 950 pretioso
1109 870 1284 950 redempti.
1330 870 1448 934 Amen.

345 959 422 1041 lpse
453 979 512 1021 uos
544 955 756 1021 indeficiente
786 957 917 1039 repleat
951 957 1197 1039 gratia-cuius
1219 955 1396 1021 ineffabilis
1425 959 1510 1040 p'las·

300 1047 406 1109 mauit
422 1047 582 1127 potentia.
628 1044 748 1107 Amen.

343 1132 389 1195 Et
410 1133 465 1214 qui
487 1132 584 1196 uobis
609 1130 642 1194 in
669 1130 733 1194 hoc
757 1131 885 1194 mundo
909 1129 1055 1213 prestitit
1078 1131 1307 1194 conditionem
1331 1134 1510 1196 nascendi.

299 1221 371 1299 ipse
403 1219 436 1282 in
467 1238 571 1301 regno
602 1227 739 1282 aeterno
766 1216 893 1282 tribuat
923 1218 1132 1281 mansionem
1170 1217 1242 1280 sine
1271 1217 1338 1280 fine
1364 1221 1511 1284 uiuendi.

298 1307 447 1543 3φὲἴῶ
478 1393 549 1475 ipse
579 1401 728 1475 prestare
762 1391 1055 1472 dignetur.cuius
1085 1410 1226 1472 regnum
1261 1403 1294 1455 et
1326 1393 1512 1476 imperium.

335 1500 539 1630 qssee'iiedictio
565 1566 642 1629 dei.
659 1565 764 1649 patris
782 1616 789 1630 .
806 1575 841 1628 et
868 1563 925 1627 filii
942 1611 950 1628 .
967 1575 1002 1629 et
1026 1565 1161 1648 spiritus
1185 1567 1302 1630 sancti.

680 1802 809 1867 Saxas
833 1801 955 1865 Fatus
979 1803 1130 1869 Pnscnn.

304 1953 321 2035 l
385 1954 551 2019 Enedicat
573 1973 633 2014 uos
657 1952 739 2015 deus
764 1954 807 2014 de
827 1951 928 2014 cael-is
949 1953 1163 2034 omnipotens
1176 2004 1184 2019 .
1197 1954 1255 2035 qui
1278 1974 1337 2036 per
1353 1953 1424 2041 [iol.
1438 1972 1511 2036 24v.

427 2059 557 2104 crucem
596 2049 631 2101 et
660 2039 857 2120 sanguinem
893 2039 1058 2120 passionis
1088 2060 1148 2117 sue
1181 2061 1242 2104 uos
1272 2042 1431 2124 dignatus
1461 2051 1513 2106 est

302 2129 464 2190 redimere
479 2127 512 2189 in
530 2128 634 2189 terris.
679 2126 796 2189 Amen.

347 2214 425 2296 Ipse
440 2232 500 2276 uos
516 2221 653 2276 renouet
667 2233 688 2275 a
705 2223 875 2276 uetustate
897 2213 1027 2294 peccati
1045 2263 1051 2276 .
1068 2214 1124 2295 qui
1148 2235 1210 2297 pro
1233 2216 1329 2278 uobis
1353 2216 1512 2298 dignatus

303 2312 354 2363 est
371 2299 516 2382 crucifigi
530 2349 537 2362 .
550 2319 676 2381 uosque
700 2300 742 2362 ad
767 2299 925 2363 caelestia
947 2300 1085 2363 suscitet
1097 2349 1105 2364 .
1117 2303 1174 2381 qui
1197 2322 1258 2384 pro
1274 2302 1370 2366 uobis
1386 2305 1516 2366 inferna

302 2388 500 2470 penetrauit.
545 2387 663 2450 Amen.

346 2475 463 2538 Vitam
494 2493 589 2536 suam
614 2474 770 2537 dominus
801 2474 899 2536 uobis
931 2474 1154 2557 tribuat.qui
1186 2485 1330 2540 mortem
1363 2487 1511 2539 uestram

303 2563 450 2645 suscepit
473 2570 507 2624 et
530 2561 684 2644 perdidit.
730 2562 847 2624 Amen.

349 2650 448 2733 Quod
472 2650 544 2732 ipse
567 2658 715 2731 prestare
738 2650 902 2731 dignetur.

653 2912 890 2975 Bauamcsto
915 2926 955 2975 ΙΝ
982 2913 1163 2979 Snsssto.

377 3066 447 3129 Eus
485 3065 542 3147 qui
580 3064 666 3127 inter
703 3062 792 3126 orbis
822 3063 1004 3145 primordia
1041 3062 1208 3128 subducto
1238 3062 1341 3128 fluctu
1379 3066 1512 3149 pelagi.

419 3162 523 3217 terras
549 3152 641 3214 uario
665 3150 814 3233 germine
838 3149 1046 3215 fecundasti.
1063 3154 1210 3215 concede
1231 3161 1345 3235 pastor
1360 3154 1511 3235 optime.

306 3259 443 3321 gregem
469 3249 565 3301 tuum
596 3247 688 3301 tuam
716 3237 990 3300 resurrectionem
1022 3237 1270 3302 celebrantem.
1288 3241 1512 3321 perhennibus

307 3328 441 3410 pascuis
465 3324 641 3389 introduci⁴
685 3325 804 3388 Amen.

354 3415 404 3479 Ut
437 3422 471 3476 te
497 3410 635 3475 custode
659 3411 706 3473 sic
733 3432 813 3473 oues
835 3410 1062 3491 gubernentur
1089 3420 1123 3474 et
1150 3413 1252 3494 agni.
1271 3424 1308 3476 ut
1332 3414 1443 3478 nullus
1469 3435 1514 3477 ex

308 3501 355 3563 eis
371 3500 486 3583 lupum
504 3500 671 3582 patiatur.
690 3496 743 3578 lin
760 3500 899 3579 predam
916 3492 1093 3580 raptorem.
1138 3500 1256 3563 Amen.
1376 3501 1447 3584 [fol.
1463 3516 1515 3583 25.

354 3587 422 3653 Sed
457 3586 562 3665 erepti
601 3586 643 3648 de
693 3581 788 3647 fauce
822 3585 918 3667 lupi.
936 3587 1094 3666 paradysi
1142 3597 1335 3650 mereantur
1380 3588 1515 3652 floribus

309 3674 444 3757 epulari.
490 3674 606 3735 Anien.

354 3760 455 3845 Quod
479 3762 550 3842 ipse
573 3769 721 3841 prestare
743 3759 917 3841 dignetur.
935 3760 1035 3823 cuius.

560 3996 797 4061 Banumcaro
821 4011 863 4059 ΙΝ
889 3995 1058 4062 Ocanurs
1083 3996 1263 4061 Pnscnna.

382 4151 451 4213 Eus
486 4149 580 4212 cuius
611 4146 801 4229 unigenitus
832 4148 993 4210 hodierna
1024 4149 1078 4211 die
1108 4150 1280 4232 discipulis
1310 4153 1378 4215 suis
1408 4154 1517 4217 ianuis

424 4237 543 4301 clausis
560 4235 719 4316 dignatus
736 4246 786 4297 est
803 4255 965 4315 apparere
976 4286 983 4299 .
994 4257 1075 4299 suae
1091 4257 1152 4299 uos
1167 4237 1409 4302 benedictionis
1426 4243 1516 4305 dono

310 4328 512 4408 locupletare
543 4331 577 4385 et
606 4322 757 4384 caelestis
788 4323 883 4384 uobis
915 4324 1007 4404 regni
1042 4324 1159 4387 ianuas
1190 4325 1347 4406 dignetur
1375 4329 1515 4409 aperire.

308 4414 479 4581 sagatum
508 4498 551 4560 ab
575 4516 688 4559 eorum
717 4496 908 4579 pectoribus
935 4497 977 4559 ad
1002 4486 1128 4561 tactum
1153 4500 1203 4561 sui
1226 4501 1373 4582 corporis
1396 4502 1518 4565 uulnus
