3375 5250
291 459 323 510 86
645 460 902 511 CONSECRATIO
924 460 1144 510 ECCLESIAE.

292 613 444 695 supernis
465 612 633 677 sacrificiis
654 613 859 678 inbuendam
882 614 952 696 ipse
971 616 1063 679 dono
1078 612 1133 679 et1
1149 622 1206 693 tue
1222 610 1499 678 sanctificationis

292 703 445 765 ubertate
467 698 675 783 percipias1.
693 702 750 784 qui
773 704 946 782 quondam
970 702 1113 784 lapideis
1140 702 1250 785 legem
1277 699 1440 781 scripsisti
1464 698 1496 760 in

290 787 414 854 tabulis
429 837 436 852 .
453 808 513 871 per
534 788 719 853 dominum.

850 961 943 1028 Alia.

297 1093 431 1221 DEus
461 1096 673 1179 omnipotens
708 1097 938 1161 uniuersarum
966 1118 1097 1162 rerum.
1115 1097 1321 1162 rationabilis
1352 1094 1499 1158 artifex.

406 1182 463 1265 qui
493 1183 578 1248 inter
608 1194 734 1247 ceteras
765 1194 934 1249 creaturas
965 1184 1106 1249 formam
1141 1185 1264 1269 lapidei
1296 1182 1423 1246 metalli
1454 1180 1499 1243 ad

292 1270 490 1352 obsequium
521 1271 569 1335 tui
598 1270 749 1335 sacrificii
780 1272 961 1335 condidisti
988 1322 995 1336 .
1023 1282 1060 1336 ut
1090 1272 1174 1354 legis
1210 1271 1402 1335 libatorium
1438 1278 1498 1331 tuo

293 1355 539 1441 preparassetur
554 1357 670 1423 altari.
684 1379 796 1422 annue
818 1360 999 1440 dignanter
1020 1361 1119 1422 huius
1134 1360 1306 1423 institutor
1322 1353 1390 1442 [fol.
1406 1368 1497 1435 105v.

293 1443 443 1525 mysterii
459 1494 467 1509 .
483 1453 520 1508 ut
543 1446 702 1528 quicquid
735 1446 789 1508 hic
812 1446 965 1510 oblatum
992 1455 1204 1509 sacratumue
1230 1446 1330 1509 suerit
1344 1491 1353 1507 .
1369 1440 1497 1506 nomini

292 1541 352 1594 tuo
389 1539 573 1615 assurgat.
602 1532 754 1613 religioni
793 1532 980 1615 proficiat.
1007 1535 1078 1616 spei
1120 1535 1313 1598 innitatur.
1339 1530 1417 1595 fidei
1455 1529 1499 1592 sit

292 1618 450 1701 precipue
474 1619 615 1700 dignum
640 1619 768 1683 honore
785 1669 792 1684 .
807 1640 868 1703 per
891 1621 1068 1684 dominum
1093 1631 1245 1684 nostrum
1271 1620 1411 1683 ihesum.

333 1845 462 1910 Deinde
491 1847 665 1912 circumeat
698 1850 789 1913 intus
817 1848 963 1914 eclesiam
988 1861 1048 1933 per
1077 1849 1223 1931 parietes
1259 1871 1280 1911 a
1313 1848 1426 1911 dextra
1463 1845 1499 1908 in

288 1932 462 1997 sinistrum
475 1934 609 2015 sacieris
628 1957 751 2001 crucem
774 1958 846 2001 curra
861 1938 978 2019 pollice
996 1939 1036 2001 dc
1058 1938 1125 2019 ipsa
1147 1937 1302 2000 crismate
1320 1934 1435 1998 dicens.

293 2094 567 2223 SAnctificetur
589 2099 653 2165 hoc
675 2101 840 2185 templum
869 2123 928 2185 per
950 2104 1050 2166 istam
1074 2101 1266 2166 unctionem
1290 2111 1325 2202 et
1348 2108 1498 2197 nostram

388 2186 725 2253 benedictionem.in
749 2190 886 2253 nomine
910 2190 1015 2272 patris
1039 2201 1073 2253 et
1096 2189 1154 2252 filii
1179 2197 1212 2251 et
1232 2190 1368 2270 spiritus
1384 2193 1500 2248 sancti.

336 2378 417 2444 Cum
432 2381 616 2463 antiphona.
657 2380 709 2448 *Ο
726 2403 828 2467 quam
846 2386 1047 2448 metuendus
1063 2396 1114 2449 est
1130 2385 1223 2448 locus
1240 2385 1303 2448 iste
1327 2405 1405 2448 uere
1429 2403 1497 2448 non

288 2467 445 2618 {sgmplppls
460 2469 551 2532 aliud
589 2469 652 2532 nisi
682 2469 802 2534 domus
833 2472 888 2534 dei
925 2482 960 2536 et
999 2485 1095 2555 porta
1126 2472 1219 2549 celi*
1265 2473 1325 2536 Ps.
1351 2471 1499 2553 Magnus

683 2733 790 2812 Quam
812 2744 968 2815 sequatur
989 2737 1101 2800 aratia.

292 2878 554 3008 OMnipotens
592 2883 813 2965 sempiternes
852 2884 936 2946 deus
968 2885 1103 2948 effunde
1134 2904 1235 2965 super
1264 2883 1353 2946 hunc
1383 2881 1494 2945 locum

402 2968 543 3051 gratiam
574 2978 690 3032 tuam.
708 2979 742 3032 et
773 2970 930 3034 omnibus
961 2972 993 3034 in
1021 2982 1055 3035 te
1085 2970 1298 3052 sperantibus
1328 2969 1493 3032 auxilium

288 3056 337 3118 tui
364 3055 511 3119 muneris
533 3057 696 3121 ostende.
712 3067 749 3120 ut
772 3056 827 3120 hic
853 3067 887 3121 et
913 3069 1199 3122 sacramentorum
1227 3066 1362 3120 tuorum
1388 3056 1493 3120 uirtus

287 3152 321 3206 et
344 3150 500 3206 uotorum
524 3141 714 3208 obtineatur
737 3143 877 3208 effectus
893 3193 900 3209 .
916 3166 983 3228 per.

336 3373 427 3438 Tunc
446 3374 576 3440 demum
591 3379 708 3459 presul
725 3379 914 3462 egrediens.
930 3382 987 3444 lrac
1008 3382 1113 3463 ipsum
1136 3391 1229 3446 extra
1250 3401 1322 3443 cum
1344 3381 1498 3444 crismate

287 3461 322 3524 in
344 3462 482 3525 circuitu
503 3465 625 3546 ecclesie
635 3465 749 3547 faciat
763 3515 770 3530 .
785 3469 925 3532 cauenda
946 3469 1166 3551 autiphonam.

332 3607 501 3691 'Lapides
538 3610 674 3694 pretiosi
713 3631 831 3674 omnes
869 3614 954 3677 muri
992 3615 1041 3678 tui
1078 3626 1113 3679 et
1149 3624 1257 3678 turres
1294 3613 1494 3677 hierusalem

284 3699 426 3776 gemmis
450 3696 721 3763 edificabuntur*
769 3699 825 3764 Ps.
851 3699 970 3764 Lauda
992 3701 1202 3767 hierusalem.

745 3927 903 4009 Sequitur
924 3930 1037 3993 matio.

285 4075 439 4202 ¹IDEus
469 4077 528 4161 qui
556 4077 599 4142 de
625 4077 712 4142 uiuis
737 4089 771 4143 et
797 4081 913 4144 electis
940 4081 1109 4164 lapidibus
1136 4092 1288 4160 eternum
1325 4080 1399 4170 [sol.
1421 4084 1491 4148 106.

411 4165 578 4230 maiestati
602 4174 660 4243 tue
675 4168 792 4230 condis
813 4169 1041 4232 habitaculum
1058 4218 1066 4233 .
1080 4168 1244 4234 auxiliare
1270 4170 1397 4254 populo
1412 4191 1491 4254 sup·

282 4252 421 4335 plicanti
443 4301 451 4317 .
476 4261 514 4316 ut
538 4255 628 4334 quod
660 4252 799 4332 ecclesie
829 4267 886 4332 tue
919 4257 1146 4338 corporalibus
1182 4258 1314 4340 proficit
1350 4257 1492 4341 spatiis.

280 4337 486 4423 spiritalibus
510 4339 732 4423 amplificetur
754 4345 967 4423 augmentis.
986 4364 1052 4426 per.

636 4515 644 4544 ¹
663 4515 773 4580 Perhaps
784 4518 822 4567 sor
833 4518 926 4568 dartan'
943 4557 949 4569 .
970 4557 976 4570 .
996 4558 1002 4570 .
1016 4521 1147 4587 precipias.
