3375 5250
301 358 349 397 120
523 352 579 401 DE
600 352 730 403 SACRIS
752 352 962 403 ORDINIBUS
982 350 1282 401 BENEDICENDIS.

594 563 710 628 Oratio
733 562 782 627 ad
800 562 1021 627 ordinandum
1045 563 1214 630 diaconem.

372 720 499 786 Remus
517 722 724 787 dilectissimi
739 724 841 787 deum
857 734 988 807 patrem
1004 723 1305 806 [omnipotentem.
1325 721 1394 805 [sol.
1415 722 1510 801 138v.

414 819 451 873 ut
482 829 583 892 super
615 810 704 874 hunc
741 810 903 875 famulum
942 830 1041 874 suum
1078 810 1111 873 ill
1133 858 1141 874 .
1161 830 1262 893 quem
1303 810 1337 871 in
1375 828 1508 872 sacrum

299 896 451 960 ordinem
490 896 685 961 diaconatus
724 897 821 960 officii
857 899 1016 981 dignatur
1053 918 1246 961 assumere.
1263 896 1509 959 benedictionis

297 1002 379 1047 suae
400 983 544 1064 gratiam
567 984 750 1047 clementer
773 984 929 1049 infundat
947 1034 954 1049 .
970 987 1069 1067 eique
1091 986 1219 1048 donum
1242 984 1503 1046 consecrationis

297 1070 461 1153 propitius
480 1071 653 1153 indulgeat
669 1118 677 1135 .
690 1092 749 1152 per
764 1074 856 1153 quod
872 1093 949 1135 eum
966 1073 1011 1135 ad
1027 1072 1155 1153 premia
1170 1081 1307 1135 aeterna
1323 1071 1505 1151 perducat.

296 1156 483 1221 auxiliante
515 1159 654 1222 domino
685 1167 801 1223 nostro
832 1161 927 1223 ihesu
958 1159 1084 1222 christo
1111 1160 1169 1240 qui
1199 1178 1275 1221 cum
1299 1178 1340 1219 eo
1364 1158 1447 1220 uiuit
1471 1166 1507 1220 et

297 1254 417 1327 regnat
440 1265 499 1328 per
521 1246 643 1309 omnia.

854 1466 947 1529 Alia.

363 1616 477 1681 Xaudi
501 1617 636 1682 domine
656 1638 771 1701 preces
792 1631 924 1682 nostras
942 1630 976 1682 et
995 1640 1094 1702 super
1113 1621 1200 1683 hunc
1221 1620 1383 1684 famulum
1403 1630 1499 1683 tuum

406 1705 442 1768 ill
459 1752 466 1767 .
483 1706 636 1787 spiritum
652 1718 731 1769 tuae
747 1705 987 1769 benedictionis
1003 1709 1118 1770 emitte
1135 1757 1142 1771 .
1159 1719 1197 1771 ut
1216 1708 1351 1771 caelesti
1369 1726 1504 1770 munere

293 1791 420 1856 ditatus
437 1842 443 1855 .
461 1801 495 1856 et
517 1801 597 1857 tuae
625 1794 769 1876 gratiam
801 1795 987 1857 maiestatis
1017 1796 1125 1876 possit
1147 1795 1342 1877 adquirere.
1356 1805 1391 1857 et
1418 1796 1502 1857 bene

294 1880 430 1944 uiuendi
453 1879 526 1942 aliis
549 1880 745 1962 exemplum
768 1881 930 1962 prebere.
947 1902 1006 1964 per
1029 1882 1215 1944 dominum.

849 2127 947 2191 Alia.

362 2279 486 2346 Omine
509 2282 592 2345 deus
614 2281 825 2363 omnipotens
838 2329 847 2347 .
860 2302 975 2365 preces
998 2293 1131 2346 nostras
1153 2282 1336 2345 clementer
1357 2282 1502 2346 exaudi.

405 2376 442 2430 ut
461 2387 547 2449 quae
571 2379 686 2432 nostro
709 2378 787 2432 sunt
810 2372 957 2451 gerenda
979 2370 1116 2433 seruitio
1132 2418 1139 2433 .
1154 2379 1214 2432 tuo
1237 2369 1404 2451 benignus
1427 2389 1504 2451 pro-

293 2454 443 2533 sequaris
483 2454 610 2517 auxilio
635 2502 643 2518 .
668 2464 702 2518 et
735 2475 819 2536 quos
859 2457 961 2519 sacris
995 2458 1163 2539 mysteriis
1199 2456 1407 2537 exequendis
1442 2476 1502 2537 pro

292 2548 409 2689 nostga
436 2540 666 2623 intellegentia
697 2544 863 2606 credimus
893 2543 1081 2607 offerendos
1097 2596 1104 2608 .
1122 2555 1181 2607 tua
1203 2544 1317 2626 potius
1339 2543 1503 2606 electione

291 2627 371 2690 iusti
397 2647 452 2690 ces
469 2676 476 2691 .
493 2649 560 2709 per.

812 2850 896 2915 Item
912 2852 990 2916 alia.

294 3006 483 3135 [ADesto
497 3030 679 3093 quesumus
694 3013 909 3096 omnipotens
926 3014 1009 3077 deus
1019 3061 1027 3078 .
1037 3013 1202 3077 honorum
1218 3013 1334 3076 dator.
1345 3010 1414 3093 [sol.
1430 3025 1501 3092 139.

417 3098 572 3162 ordinum
596 3100 792 3164 distributor
808 3149 815 3164 .
831 3100 1081 3183 officiorumque
1108 3101 1310 3182 dispositor.
1328 3097 1386 3180 qui
1410 3097 1444 3158 in
1468 3107 1503 3161 te

296 3202 436 3247 manens
468 3185 609 3248 innouas
641 3188 827 3252 omnia.et
851 3197 971 3252 cuncta
1001 3188 1184 3270 disponens
1211 3206 1271 3268 per
1300 3183 1440 3249 uerbum
1468 3194 1502 3247 et

296 3271 453 3334 uirtutem
471 3321 478 3334 .
495 3273 761 3356 sapientiamque
790 3284 909 3339 tuam.
926 3275 1055 3337 ihesum
1082 3274 1243 3338 christum
1273 3270 1378 3335 filium
1401 3280 1497 3334 tuum

295 3358 469 3421 dominum
486 3369 658 3424 nostrum.
672 3362 876 3445 sempiterna
891 3361 1103 3444 prouidentia
1119 3380 1296 3443 preparas.
1310 3368 1345 3422 et
1360 3358 1499 3440 singulis

295 3444 482 3526 quibusque
498 3448 704 3528 temporibus
720 3450 869 3530 aptanda
884 3450 1058 3531 dispensas
1073 3495 1081 3510 .
1098 3449 1191 3512 cuius
1207 3466 1327 3529 corpus
1343 3444 1498 3508 eclesiam

295 3540 389 3594 tuam
422 3530 615 3596 caelestium
653 3537 835 3616 gratiarum
871 3539 1034 3600 uarietate
1063 3536 1280 3599 distinctam.
1298 3551 1500 3614 suorumque

295 3637 460 3681 conexam
484 3621 683 3684 discretione
713 3624 939 3686 membrorum
967 3643 1025 3705 per
1055 3622 1164 3705 legem
1188 3620 1372 3684 mirabilem
1396 3620 1500 3683 totius

296 3705 503 3788 compaginis
526 3707 654 3770 unitam
678 3707 712 3771 in
733 3719 952 3791 augmentum
977 3710 1093 3792 templi
1116 3709 1164 3772 tui
1187 3725 1333 3772 crescere
1352 3703 1500 3770 dilatari·

295 3811 360 3875 que
387 3792 538 3874 largiris.
555 3797 638 3857 sacri
671 3801 815 3859 muneris
839 3798 1033 3860 seruitutem
1049 3844 1058 3860 .
1072 3796 1168 3860 trinis
1197 3794 1356 3878 gradibus
1388 3792 1502 3855 minis·

294 3891 422 3942 trorum
441 3928 448 3942 .
464 3881 593 3942 nomini
616 3891 675 3945 tuo
698 3882 840 3946 militare
864 3883 1093 3947 constituens.
1110 3884 1224 3945 electis
1247 3882 1289 3944 ab
1313 3878 1409 3942 initio
1433 3878 1499 3941 leui

297 3965 394 4030 filiis.
411 3967 467 4048 qui
487 3968 637 4049 mysticis
656 3970 907 4051 operationibus
926 3971 1046 4033 domus
1065 3980 1162 4034 tuae.
1175 3969 1328 4032 fidelibus
1349 3964 1500 4029 excubiis

294 4063 528 4135 permanentes
540 4104 546 4117 .
557 4054 776 4119 hereditatem
787 4057 1044 4139 benedictioni[s
1059 4057 1209 4141 elternae
1220 4107 1227 4120 .
1238 4065 1327 4118 sorte
1337 4065 1500 4135 perpetua

295 4141 525 4221 possiderent.
546 4140 655 4224 Super
669 4143 757 4207 hunc
773 4164 906 4226 quoque
921 4142 1098 4228 [famulum
1116 4153 1212 4207 tuum
1231 4142 1292 4205 ill.
1315 4138 1388 4227 [sol.
1409 4155 1498 4219 139v.

294 4245 475 4307 quesumus
494 4229 631 4291 domine
653 4229 803 4312 placatus
826 4231 987 4295 intende.
1004 4252 1104 4314 quem
1123 4232 1189 4295 tuis
1212 4229 1363 4293 sacrariis
1382 4227 1416 4289 in
1437 4226 1497 4288 ill.

293 4313 368 4377 loco
390 4315 588 4379 seruiturum
605 4366 612 4380 .
629 4317 663 4379 in
681 4317 826 4382 officium
845 4319 1043 4382 diaconatus
1065 4317 1259 4400 suppliciter
1278 4316 1497 4379 dedicamus.

294 4399 340 4465 Et
362 4420 422 4464 nos
447 4403 582 4484 quidem
613 4412 786 4487 tamquam
817 4406 971 4469 homines
987 4453 994 4468 .
1010 4407 1115 4470 diuini
1141 4424 1259 4468 sensus
1282 4413 1316 4466 et
1344 4421 1497 4465 summae
