3375 5250
271 418 304 455 20
587 401 906 453 BENEDICTIONES
925 399 1185 450 EPISCOPALES.

324 568 373 632 Ut
389 567 421 630 in
440 587 480 630 eo
497 564 659 648 mysticae
675 562 810 646 pietatis
833 571 912 626 tuae
936 568 1147 623 sacramento
1167 557 1316 641 perfecto
1338 568 1491 639 prompte

275 676 373 719 suum
410 654 530 734 diligat
561 651 760 715 dominum.
778 649 835 730 qui
872 648 1037 729 sanguine
1067 646 1142 710 fuso
1172 646 1371 728 prophetico
1401 664 1491 707 noua

277 751 390 807 mente
413 739 580 822 intellegit
603 759 639 801 se
661 735 906 819 redempltum.
951 735 1069 798 Amen.
1319 730 1390 815 [iol.
1416 732 1490 797 26v.

322 829 424 913 Quod
449 828 521 910 ipse
544 837 702 908 prestare.

558 1111 796 1175 Bannnrcno
821 1123 864 1173 ΙΝ
887 1122 1058 1172 carnum
1081 1121 1237 1173 nnrous.

286 1276 551 1404 OMnipotens
574 1273 732 1337 dominus
754 1272 972 1336 deuotionem
1004 1281 1150 1335 uestram
1182 1269 1361 1354 dignanter
1383 1273 1492 1336 inten-

398 1362 457 1426 dat
472 1409 479 1423 .
497 1371 531 1431 et
546 1380 628 1424 suae
650 1359 746 1423 uobis
769 1358 1012 1422 benedictionis
1035 1359 1126 1422 dona
1148 1359 1319 1423 concedat.
1363 1360 1480 1422 Amen.

329 1449 511 1531 Indulgeat
531 1447 626 1511 uobis
651 1447 741 1510 mala
762 1447 877 1509 omnia
898 1466 964 1528 que
982 1445 1153 1526 gessistis.
1167 1455 1200 1508 et
1216 1445 1341 1509 tribuat
1358 1447 1492 1509 ueniam

284 1556 387 1619 quarn
411 1539 454 1599 ab
478 1556 519 1598 eo
542 1534 731 1616 deposcitis.
778 1534 896 1597 Amen.

330 1623 453 1705 Sicque
484 1623 596 1686 ieiunii
629 1622 753 1685 uestri.
771 1629 805 1684 et
828 1640 965 1703 precum
990 1627 1070 1683 uota
1093 1619 1275 1704 suscipiat.
1292 1628 1330 1683 ut
1353 1641 1374 1682 a
1397 1618 1493 1683 uobis

285 1710 428 1773 aduersa
458 1710 572 1772 omnia
603 1728 689 1792 quae
713 1716 928 1792 peccatorum
957 1705 1174 1770 retributione
1204 1706 1378 1770 meremini
1400 1727 1491 1770 auer-

286 1808 337 1861 tat
351 1844 360 1862 .
374 1808 407 1861 et
431 1797 558 1860 donum
582 1797 615 1857 in
640 1815 700 1858 uos
721 1795 858 1877 spiritus
880 1794 1046 1876 paraclyti
1069 1793 1232 1858 infundat
1277 1795 1393 1858 Amen.

331 1883 432 1967 Quod
455 1885 527 1966 ipse
551 1893 705 1965 prestare.

591 2184 689 2247 Iran
712 2196 803 2246 ALIA
827 2195 869 2244 ΙΝ
894 2182 1044 2246 Taum
1068 2181 1196 2244 Ferus.

295 2349 477 2477 BEnedic
511 2365 694 2429 quesumus
728 2343 867 2407 domine
901 2343 1091 2405 uniuersam
1126 2342 1288 2406 familiam
1324 2352 1417 2407 tuam
1452 2345 1496 2408 ad

391 2437 515 2518 gaudia
531 2442 714 2516 perpetuae
730 2429 980 2493 resurrectionis
996 2429 1135 2492 feliciter
1147 2440 1330 2493 euocatam.
1377 2432 1495 2494 Amen.

333 2523 571 2586 Rectissimum
597 2519 782 2583 catholicae
801 2516 899 2602 fisdei
923 2518 1092 2580 tramitem
1117 2526 1257 2582 teneat.
1274 2531 1308 2580 et
1352 2515 1422 2598 [sol.
1445 2532 1496 2597 27.

289 2612 321 2673 in
345 2631 413 2674 una
435 2609 595 2673 trinitatis
619 2605 825 2690 professione
848 2605 1019 2669 consistat.
1065 2604 1182 2669 Amen.

333 2697 436 2760 Nulla
458 2717 558 2759 eosa
586 2694 785 2758 rectitudine
812 2691 1025 2756 ecclesiastici
1056 2692 1227 2774 dogmatis
1257 2712 1360 2775 praue
1390 2712 1495 2756 asser-

287 2785 389 2847 tionis
413 2783 569 2865 impietas
593 2782 706 2845 deuiet
722 2830 729 2844 .
747 2789 781 2843 et
804 2799 867 2842 nec
889 2778 952 2842 sub
974 2788 1133 2860 pretextu
1158 2780 1304 2843 nominis
1324 2780 1495 2844 christiani

289 2872 440 2935 ueritatis
463 2870 608 2953 presidio
632 2869 759 2931 nudet.
776 2869 835 2929 sed
857 2867 890 2928 in
914 2867 1033 2929 eadem
1061 2866 1200 2929 unitatis
1226 2866 1293 2930 fide
1320 2876 1495 2930 manentes

289 2958 375 3022 effici
399 2967 589 3022 mereantur
612 2956 705 3037 regni
730 2954 884 3017 caelestis
907 2954 1077 3016 haeredes.
1123 2954 1241 3018 Amen.

333 3045 434 3129 Quod
459 3047 530 3127 ipse
552 3057 709 3127 prestare.

575 3330 814 3392 Bnuamcmo
838 3340 880 3389 nr
905 3310 1069 3409 Qunam
1093 3328 1220 3392 Fama,

363 3493 485 3575 Espice
509 3491 644 3555 domine
668 3509 851 3572 quesumus
874 3510 975 3574 super
996 3491 1083 3555 hanc
1107 3493 1268 3557 familiam
1295 3504 1388 3558 tuam
1420 3496 1498 3559 sub-

406 3581 527 3643 iectam
566 3578 839 3642 benedictionum
878 3589 1012 3642 tuarum
1050 3582 1141 3643 dona
1182 3591 1378 3662 poscentem
1395 3632 1402 3647 .
1419 3604 1498 3665 rege

292 3688 366 3731 eam
399 3668 442 3731 de
471 3667 697 3749 superioribus
731 3664 821 3727 tuis.
839 3674 873 3727 et
910 3667 1098 3729 ubertatem
1133 3667 1265 3749 frugum
1304 3669 1334 3731 ei
1369 3669 1496 3752 largire.

291 3756 409 3819 Amen.

337 3841 459 3905 Libera
482 3859 557 3903 eam
580 3860 601 3902 a
623 3840 742 3903 diebus
766 3837 864 3902 malis
886 3848 921 3903 et
944 3860 964 3902 a
984 3842 1235 3921 perturbatione
1258 3840 1421 3907 bellorum
1439 3892 1446 3907 .
1464 3855 1497 3906 et

293 3931 338 3993 da
362 3931 391 3992 ei
414 3938 568 4009 tempora
590 3926 772 4009 tranquilla
794 3936 898 4008 atque
921 3926 1083 4008 pacifica.
1100 3937 1137 3990 ut
1159 3938 1194 3990 te
1223 3931 1362 3992 custode
1390 3932 1497 4011 perui-

292 4016 350 4099 gili
382 4036 421 4078 ac
452 4024 587 4096 pastore
618 4016 775 4099 aesterno
791 4063 797 4076 .
814 4025 849 4076 et
879 4014 911 4075 in
943 4015 1089 4095 presenti
1119 4024 1271 4096 tempore
1325 4012 1396 4102 [lol.
1421 4032 1495 4098 27v.

292 4104 454 4166 consistat
469 4121 583 4163 secura
599 4148 608 4165 .
625 4115 659 4163 et
675 4104 716 4164 ad
740 4111 876 4164 aeterna
891 4101 1016 4182 gaudia
1031 4102 1204 4184 perueniat
1220 4102 1335 4168 libera.
1379 4104 1499 4168 Amen.

336 4190 382 4252 Et
405 4189 463 4271 qui
483 4190 654 4270 quondam
679 4188 864 4251 misericors
886 4190 1041 4251 misertus
1065 4209 1100 4251 es
1118 4189 1237 4252 turbae
1256 4199 1368 4253 tecum
1387 4193 1499 4254 triduo

292 4277 500 4357 permanenti
517 4325 524 4339 .
541 4275 640 4339 simili
672 4295 761 4338 nunc
784 4275 981 4356 dignatione
1010 4276 1087 4337 huic
1119 4276 1275 4339 miserere
1305 4276 1395 4359 plebi
1413 4328 1419 4340 .
1437 4280 1499 4341 tibi

293 4364 422 4425 ieiuniis
446 4373 480 4426 et
502 4363 614 4445 ymnis
637 4363 787 4425 innixius
810 4360 1022 4443 supplicanti.
1067 4363 1182 4427 Arnen.

337 4449 438 4532 Quod
462 4453 533 4532 ipse
556 4459 704 4531 prestare
728 4450 892 4531 dignetur.
