3375 5250
525 384 780 435 CONSECRATIO
801 384 1019 434 accrescas.
1350 398 1384 449 97

223 540 313 606 Tunc
341 544 471 607 demum
501 546 633 627 presule
667 546 886 610 introducente
919 567 940 609 a
977 545 1094 628 quibas
1124 548 1249 610 iussam
1270 548 1386 630 fecerit

175 630 365 712 inferantur
384 632 442 695 nii.
469 633 564 697 cerei.
577 642 608 695 et
623 643 791 714 ponantur
813 634 901 696 terni
921 643 953 696 et
975 635 1062 696 terni
1083 634 1118 696 in
1141 635 1225 698 iiii0'.
1249 636 1384 718 angulis

173 717 453 806 eclesipnmnibns
474 719 557 782 leam
577 718 787 802 antiphonam
809 742 926 783 sonora
948 742 1021 783 noce
1041 721 1290 785 modulantibus.

219 852 297 917 *Ab
314 855 441 919 oriente
460 864 556 939 porte
577 866 668 921 tres.
685 856 728 922 ab
752 858 928 921 occidente
950 866 1047 940 porte
1067 866 1135 921 tres
1156 858 1200 922 ab
1222 858 1380 941 aquilone

176 950 271 1023 porte
295 950 362 1006 tres
384 943 427 1007 ab
450 952 565 1006 austro
588 952 685 1025 porte
708 943 804 1009 tres*

572 1156 679 1235 Quam
697 1164 853 1237 sequatur
875 1156 988 1220 oratio.

246 1306 315 1369 Eus
342 1306 399 1388 qui
430 1307 659 1389 apostolorum
690 1318 823 1372 tuorum
855 1307 1141 1389 predicationibus
1171 1308 1291 1388 eclesie
1321 1319 1379 1388 tue

288 1394 380 1474 regni
407 1395 538 1472 celestis
564 1394 750 1476 ingressum
776 1392 987 1479 [prestitisti.
1004 1394 1186 1477 quosque†
1208 1395 1278 1479 [sol.
1311 1396 1379 1460 116.

176 1480 293 1543 mundi
339 1481 516 1545 luminaria
561 1482 674 1546 uocari
727 1480 894 1546 uoluisti.
918 1484 1064 1545 concede
1112 1502 1295 1564 quesumus
1341 1494 1380 1547 ut

175 1586 316 1647 quorum
344 1568 469 1632 ducatu
493 1568 761 1650 ingredimur.et
786 1567 964 1651 splendore
990 1569 1379 1635 inluminamur.horum

174 1654 327 1735 precibus
359 1654 464 1718 adiuti
495 1656 680 1720 maiestatis
704 1665 760 1719 tue
781 1656 1043 1739 optutibus.per
1057 1658 1119 1735 hec
1139 1668 1252 1721 nostra
1270 1656 1380 1721 officia

174 1742 359 1822 presentari
379 1762 583 1808 mereamur.
597 1764 657 1826 per
672 1743 856 1807 dominum.

217 1954 301 2017 Post
334 1956 408 2018 baec
446 1955 594 2018 omnibns
629 1963 668 2017 nt
699 1953 883 2037 predictum
920 1964 967 2017 est
999 1954 1156 2037 condigne
1193 1954 1321 2019 uastitas
1337 2004 1344 2018 .
1360 1977 1381 2018 a

167 2042 297 2121 presule
322 2043 424 2105 niissa
453 2042 567 2105 ordine
593 2061 731 2123 congruo
760 2040 952 2106 celebretur.
968 2051 1098 2105 cantore
1123 2042 1171 2104 sic
1198 2042 1381 2105 sollemnem

174 2127 342 2193 inchoante
362 2129 540 2193 mclodc'em.

218 2278 389 2344 Terribilis
410 2290 461 2343 est
482 2280 575 2344 locus
599 2280 663 2343 iste
687 2281 741 2344 hic
766 2282 887 2345 domus
909 2281 963 2346 dei
984 2291 1036 2345 est
1058 2290 1093 2346 et
1116 2290 1214 2364 porta
1239 2282 1323 2345 caeli
1346 2292 1381 2346 et

175 2368 349 2468 uocabitur
384 2369 461 2431 aula
491 2369 554 2431 dei.
607 2367 663 2431 Ps.
689 2368 857 2432 Dominus
889 2371 1042 2451 regnauit
1076 2370 1233 2433 decorem
1264 2368 1382 2435 Gloria

175 2462 270 2536 patrr.

226 2668 276 2734 Et
288 2680 366 2753 post
385 2669 477 2753 kyrie
498 2669 628 2734 dicatur
646 2669 757 2753 gloria
780 2669 815 2732 iu
838 2669 983 2734 excelsis.
997 2669 1102 2733 oratio
1124 2668 1173 2733 ad
1192 2669 1336 2733 missam.

247 2826 316 2889 Eus
343 2825 400 2908 qui
426 2825 637 2890 inuisibiliter
663 2825 777 2888 omnia
803 2823 1023 2889 contines.et
1046 2833 1160 2887 tamen
1184 2846 1246 2908 pro
1270 2825 1380 2890 salute

289 2914 420 2995 generis
443 2913 582 2976 humani
600 2911 697 2993 signa
719 2919 797 2975 tuae
821 2911 994 2995 potentiae
1016 2911 1193 2975 uisibiliter
1210 2913 1379 2977 ostendis.

174 3001 338 3083 templum
364 3002 428 3063 hoc
453 3000 605 3083 potentia
636 3009 714 3062 tuae
744 2997 997 3062 inhabitationis
1024 2998 1184 3064 inlustra.
1199 3008 1236 3063 ut
1263 3019 1381 3064 omnes

174 3089 231 3170 qui
261 3087 327 3150 huc
357 3087 566 3168 deprecaturi
597 3086 822 3149 conueniunt.
840 3107 885 3149 ex
920 3105 1132 3168 quacumque
1162 3087 1380 3150 tribulatione

174 3176 217 3238 ad
248 3185 282 3239 te
312 3174 531 3237 clamauerint
546 3223 553 3236 .
571 3172 810 3236 consolationis
840 3182 898 3250 tue
929 3170 1091 3236 beneficia
1115 3182 1380 3257 consequantur.

176 3283 235 3343 per
257 3262 440 3325 dominum.

740 3434 831 3500 Alie.

245 3558 315 3622 Eus
351 3557 407 3640 qui
438 3555 675 3620 sacrandorum
706 3553 766 3617 tibi
802 3561 918 3617 auctor
954 3573 990 3616 es
1028 3574 1204 3618 munerum
1221 3602 1229 3620 .
1246 3554 1379 3619 effunde

287 3665 388 3728 super
404 3644 490 3707 hanc
511 3641 672 3705 orationis
693 3641 831 3703 domum
852 3640 1122 3705 benedictionem
1146 3652 1261 3706 tuam.
1278 3651 1316 3707 ut
1334 3643 1378 3707 ab

175 3732 331 3799 omnibus
352 3727 600 3813 inuocantilbus
619 3747 742 3792 nomen
763 3727 1096 3792 tuum.defensionis
1117 3739 1175 3808 tue
1197 3729 1265 3812 [fol
1288 3731 1380 3797 116v.

176 3820 341 3886 auxilium
365 3819 620 3898 sentiatur.per
643 3814 827 3880 dominum.

389 4042 499 4106 Lectio
521 4039 602 4104 libri
622 4038 810 4122 apocalipsis
831 4038 983 4102 lobannis
1004 4039 1148 4122 apostoli.

180 4198 246 4326 IN
278 4195 397 4260 diebus
427 4192 612 4256 illis.Vidi
636 4191 807 4254 ciuitatem
839 4200 991 4255 sanctam
1022 4191 1223 4256 hierusalem
1254 4213 1377 4258 nouam

101 4353 104 4358 ,
262 4281 522 4347 descendentem
560 4279 603 4341 de
640 4278 734 4341 caelo
751 4298 794 4342 .a
824 4278 891 4342 deo
920 4288 1074 4360 paratam
1105 4280 1191 4344 sicut
1219 4301 1377 4363 sponsam

174 4381 326 4437 ornatam
342 4369 415 4432 uiro
433 4387 513 4430 suo.
527 4365 574 4428 Et
594 4366 708 4429 audiui
726 4385 843 4428 uocem
862 4385 1021 4447 magnam
1037 4417 1044 4430 .
1061 4367 1105 4430 de
1123 4371 1246 4431 throno
1267 4368 1379 4432 dicen·

173 4471 262 4526 tem.
276 4457 364 4520 Ecce
385 4453 637 4520 tabernaculum
658 4453 712 4515 dei
730 4472 805 4516 cum
827 4453 1020 4516 hominibus
1035 4503 1043 4521 .
1060 4464 1095 4518 et
1115 4455 1283 4520 habitabit
1303 4477 1378 4519 cum

176 4628 179 4632 Ι
217 4557 373 4612 ROBERT.
1222 4557 1250 4606 H
