<?xml version="1.0" encoding="UTF-8"?>
<!DOCTYPE html PUBLIC "-//W3C//DTD XHTML 1.0 Transitional//EN"
    "http://www.w3.org/TR/xhtml1/DTD/xhtml1-transitional.dtd">
<html xmlns="http://www.w3.org/1999/xhtml" xml:lang="en" lang="en">
 <head>
  <title>
</title>
<meta http-equiv="Content-Type" content="text/html;charset=utf-8" />
  <meta name='ocr-system' content='tesseract 3.04.00' />
  <meta name='ocr-capabilities' content='ocr_page ocr_carea ocr_par ocr_line ocrx_word'/>
</head>
<body>
  <div class='ocr_page' id='page_1' title='image "benedictionalar00munigoog_0124.png"; bbox 0 0 3375 5250; ppageno 0'>
   <div class='ocr_carea' id='block_1_1' title="bbox 281 370 1144 435">
    <p class='ocr_par' dir='ltr' id='par_1_1' title="bbox 281 370 1144 435">
     <span class='ocr_line' id='line_1_1' title="bbox 281 370 1144 435; baseline -0.002 -13"><span class='ocrx_word' id='word_1_1' title='bbox 281 370 315 435; x_wconf 86' lang='grc'>84</span> <span class='ocrx_word' id='word_1_2' title='bbox 645 372 904 423; x_wconf 48' lang='lat' dir='ltr'>constentino</span> <span class='ocrx_word' id='word_1_3' title='bbox 923 372 1144 421; x_wconf 77' lang='lat' dir='ltr'><em>ECCLESIAE.</em></span> 
     </span>
    </p>
   </div>
   <div class='ocr_carea' id='block_1_2' title="bbox 282 556 1493 729">
    <p class='ocr_par' dir='ltr' id='par_1_2' title="bbox 282 556 1493 729">
     <span class='ocr_line' id='line_1_2' title="bbox 282 556 1493 643; baseline -0.002 -20"><span class='ocrx_word' id='word_1_4' title='bbox 282 556 410 623; x_wconf 80' lang='lat' dir='ltr'><em>Deinde</em></span> <span class='ocrx_word' id='word_1_5' title='bbox 434 556 595 623; x_wconf 78' lang='lat' dir='ltr'><em>benedicat</em></span> <span class='ocrx_word' id='word_1_6' title='bbox 619 559 763 623; x_wconf 79' lang='lat' dir='ltr'>tabulam</span> <span class='ocrx_word' id='word_1_7' title='bbox 788 561 910 623; x_wconf 76' lang='lat' dir='ltr'>alrarz‘s</span> <span class='ocrx_word' id='word_1_8' title='bbox 923 610 932 623; x_wconf 96' lang='lat'><strong>.</strong></span> <span class='ocrx_word' id='word_1_9' title='bbox 945 580 1010 643; x_wconf 69' lang='lat' dir='ltr'>quq</span> <span class='ocrx_word' id='word_1_10' title='bbox 1031 570 1141 623; x_wconf 79' lang='lat' dir='ltr'>tamen</span> <span class='ocrx_word' id='word_1_11' title='bbox 1165 559 1278 623; x_wconf 82' lang='lat' dir='ltr'>tabula</span> <span class='ocrx_word' id='word_1_12' title='bbox 1302 560 1402 641; x_wconf 73' lang='lat' dir='ltr'>prius</span> <span class='ocrx_word' id='word_1_13' title='bbox 1427 562 1493 621; x_wconf 81' lang='lat' dir='ltr'>lota</span> 
     </span>
     <span class='ocr_line' id='line_1_3' title="bbox 642 646 1136 729; baseline -0.006 -18"><span class='ocrx_word' id='word_1_14' title='bbox 642 666 710 711; x_wconf 80' lang='lat' dir='ltr'>esse</span> <span class='ocrx_word' id='word_1_15' title='bbox 726 646 816 711; x_wconf 77' lang='lat' dir='ltr'>debet</span> <span class='ocrx_word' id='word_1_16' title='bbox 834 669 877 711; x_wconf 81' lang='lat' dir='ltr'>er</span> <span class='ocrx_word' id='word_1_17' title='bbox 891 668 980 729; x_wconf 82' lang='lat' dir='ltr'>aqua</span> <span class='ocrx_word' id='word_1_18' title='bbox 997 658 1136 710; x_wconf 68' lang='lat' dir='ltr'>maara.</span> 
     </span>
    </p>
   </div>
   <div class='ocr_carea' id='block_1_3' title="bbox 289 780 1494 953">
    <p class='ocr_par' dir='ltr' id='par_1_3' title="bbox 289 780 1494 953">
     <span class='ocr_line' id='line_1_4' title="bbox 289 780 1493 909; baseline -0.002 -60"><span class='ocrx_word' id='word_1_19' title='bbox 289 780 477 909; x_wconf 87' lang='lat' dir='ltr'>DOmine</span> <span class='ocrx_word' id='word_1_20' title='bbox 509 792 650 848; x_wconf 87' lang='lat' dir='ltr'>sancte.</span> <span class='ocrx_word' id='word_1_21' title='bbox 665 792 762 866; x_wconf 81' lang='lat' dir='ltr'>pater</span> <span class='ocrx_word' id='word_1_22' title='bbox 793 784 1009 865; x_wconf 88' lang='lat' dir='ltr'>omnipotens</span> <span class='ocrx_word' id='word_1_23' title='bbox 1039 794 1154 846; x_wconf 88' lang='lat' dir='ltr'>eterne</span> <span class='ocrx_word' id='word_1_24' title='bbox 1185 784 1294 847; x_wconf 89' lang='lat' dir='ltr'>dens.</span> <span class='ocrx_word' id='word_1_25' title='bbox 1310 783 1493 847; x_wconf 85' lang='lat' dir='ltr'>misericor-</span> 
     </span>
     <span class='ocr_line' id='line_1_5' title="bbox 396 870 1494 953; baseline -0.003 -18"><span class='ocrx_word' id='word_1_26' title='bbox 396 870 488 935; x_wconf 90' lang='lat' dir='ltr'>diam</span> <span class='ocrx_word' id='word_1_27' title='bbox 510 880 604 935; x_wconf 90' lang='lat' dir='ltr'>tuam</span> <span class='ocrx_word' id='word_1_28' title='bbox 625 872 764 933; x_wconf 86' lang='lat' dir='ltr'>uocibus</span> <span class='ocrx_word' id='word_1_29' title='bbox 784 870 1018 933; x_wconf 77' lang='lat' dir='ltr'>exultantibus</span> <span class='ocrx_word' id='word_1_30' title='bbox 1037 871 1280 953; x_wconf 81' lang='lat' dir='ltr'>deprecamur.</span> <span class='ocrx_word' id='word_1_31' title='bbox 1294 881 1334 933; x_wconf 89' lang='lat' dir='ltr'>ut</span> <span class='ocrx_word' id='word_1_32' title='bbox 1352 870 1412 952; x_wconf 90' lang='lat' dir='ltr'>qni</span> <span class='ocrx_word' id='word_1_33' title='bbox 1432 891 1494 953; x_wconf 90' lang='lat' dir='ltr'>per</span> 
     </span>
    </p>
   </div>
   <div class='ocr_carea' id='block_1_4' title="bbox 282 956 1493 1129">
    <p class='ocr_par' dir='ltr' id='par_1_4' title="bbox 282 956 1493 1129">
     <span class='ocr_line' id='line_1_6' title="bbox 282 956 1493 1040; baseline -0.002 -18"><span class='ocrx_word' id='word_1_34' title='bbox 282 977 419 1023; x_wconf 84' lang='lat' dir='ltr'>ornnem</span> <span class='ocrx_word' id='word_1_35' title='bbox 447 957 611 1021; x_wconf 91' lang='lat' dir='ltr'>mundum</span> <span class='ocrx_word' id='word_1_36' title='bbox 635 956 738 1021; x_wconf 84' lang='lat' dir='ltr'>fidem</span> <span class='ocrx_word' id='word_1_37' title='bbox 767 958 943 1039; x_wconf 81' lang='lat' dir='ltr'>sparsisti</span> <span class='ocrx_word' id='word_1_38' title='bbox 957 957 1134 1021; x_wconf 91' lang='lat' dir='ltr'>ecclesiam</span> <span class='ocrx_word' id='word_1_39' title='bbox 1166 959 1401 1039; x_wconf 73' lang='lat' dir='ltr'>congregasti.</span> <span class='ocrx_word' id='word_1_40' title='bbox 1418 960 1493 1040; x_wconf 92' lang='lat' dir='ltr'>qui·</span> 
     </span>
     <span class='ocr_line' id='line_1_7' title="bbox 283 1044 1491 1129; baseline -0.002 -20"><span class='ocrx_word' id='word_1_41' title='bbox 283 1063 348 1129; x_wconf 89' lang='lat' dir='ltr'>que</span> <span class='ocrx_word' id='word_1_42' title='bbox 392 1044 540 1127; x_wconf 80' lang='lat' dir='ltr'>lapidem</span> <span class='ocrx_word' id='word_1_43' title='bbox 585 1044 753 1107; x_wconf 82' lang='lat' dir='ltr'>abscisum</span> <span class='ocrx_word' id='word_1_44' title='bbox 795 1044 839 1107; x_wconf 90' lang='lat' dir='ltr'>de</span> <span class='ocrx_word' id='word_1_45' title='bbox 879 1052 996 1107; x_wconf 88' lang='lat' dir='ltr'>monte</span> <span class='ocrx_word' id='word_1_46' title='bbox 1035 1046 1109 1107; x_wconf 91' lang='lat' dir='ltr'>sine</span> <span class='ocrx_word' id='word_1_47' title='bbox 1145 1045 1302 1108; x_wconf 81' lang='lat' dir='ltr'>mambns</span> <span class='ocrx_word' id='word_1_48' title='bbox 1337 1046 1491 1126; x_wconf 85' lang='lat' dir='ltr'>angulari</span> 
     </span>
    </p>
   </div>
   <div class='ocr_carea' id='block_1_5' title="bbox 281 1130 1494 1474">
    <p class='ocr_par' dir='ltr' id='par_1_5' title="bbox 281 1130 1494 1474">
     <span class='ocr_line' id='line_1_8' title="bbox 283 1130 1492 1231; baseline 0 -36"><span class='ocrx_word' id='word_1_49' title='bbox 283 1152 447 1214; x_wconf 88' lang='lat' dir='ltr'>eompage</span> <span class='ocrx_word' id='word_1_50' title='bbox 483 1131 659 1193; x_wconf 82' lang='lat' dir='ltr'>solidasti.</span> <span class='ocrx_word' id='word_1_51' title='bbox 674 1131 762 1193; x_wconf 90' lang='lat' dir='ltr'>banc</span> <span class='ocrx_word' id='word_1_52' title='bbox 794 1150 931 1231; x_wconf 78' lang='lat' dir='ltr'>quoque</span> <span class='ocrx_word' id='word_1_53' title='bbox 964 1130 1119 1194; x_wconf 88' lang='lat' dir='ltr'>tabulam</span> <span class='ocrx_word' id='word_1_54' title='bbox 1153 1152 1292 1194; x_wconf 86' lang='lat' dir='ltr'>serenus</span> <span class='ocrx_word' id='word_1_55' title='bbox 1328 1130 1492 1195; x_wconf 86' lang='lat' dir='ltr'>inlustra.</span> 
     </span>
     <span class='ocr_line' id='line_1_9' title="bbox 283 1216 1493 1299; baseline -0.001 -17"><span class='ocrx_word' id='word_1_56' title='bbox 283 1238 426 1299; x_wconf 88' lang='lat' dir='ltr'>eamque</span> <span class='ocrx_word' id='word_1_57' title='bbox 452 1228 569 1282; x_wconf 85' lang='lat' dir='ltr'>eterno</span> <span class='ocrx_word' id='word_1_58' title='bbox 594 1218 762 1280; x_wconf 89' lang='lat' dir='ltr'>lumine&#39;</span> <span class='ocrx_word' id='word_1_59' title='bbox 751 1221 859 1299; x_wconf 87' lang='lat' dir='ltr'>rnriga</span> <span class='ocrx_word' id='word_1_60' title='bbox 873 1265 883 1279; x_wconf 91' lang='lat'>.</span> <span class='ocrx_word' id='word_1_61' title='bbox 897 1216 949 1280; x_wconf 91' lang='lat' dir='ltr'>ita</span> <span class='ocrx_word' id='word_1_62' title='bbox 969 1218 1113 1281; x_wconf 88' lang='lat' dir='ltr'>diuersis</span> <span class='ocrx_word' id='word_1_63' title='bbox 1141 1239 1204 1299; x_wconf 88' lang='lat' dir='ltr'>per</span> <span class='ocrx_word' id='word_1_64' title='bbox 1228 1217 1381 1281; x_wconf 91' lang='lat' dir='ltr'>membra</span> <span class='ocrx_word' id='word_1_65' title='bbox 1401 1218 1493 1282; x_wconf 89' lang='lat' dir='ltr'>locu-</span> 
     </span>
     <span class='ocr_line' id='line_1_10' title="bbox 283 1302 1494 1387; baseline 0 -19"><span class='ocrx_word' id='word_1_66' title='bbox 283 1306 392 1387; x_wconf 85' lang='lat' dir='ltr'>pletes</span> <span class='ocrx_word' id='word_1_67' title='bbox 407 1356 415 1369; x_wconf 92' lang='lat'><em>.</em></span> <span class='ocrx_word' id='word_1_68' title='bbox 430 1314 468 1368; x_wconf 90' lang='lat' dir='ltr'>nt</span> <span class='ocrx_word' id='word_1_69' title='bbox 511 1302 591 1387; x_wconf 86' lang='lat' dir='ltr'>per¹</span> <span class='ocrx_word' id='word_1_70' title='bbox 633 1304 726 1367; x_wconf 88' lang='lat' dir='ltr'>illam</span> <span class='ocrx_word' id='word_1_71' title='bbox 768 1305 1001 1367; x_wconf 83' lang='lat' dir='ltr'>admirandam</span> <span class='ocrx_word' id='word_1_72' title='bbox 1044 1304 1104 1368; x_wconf 88' lang='lat' dir='ltr'>filii</span> <span class='ocrx_word' id='word_1_73' title='bbox 1143 1305 1195 1368; x_wconf 91' lang='lat' dir='ltr'>tui</span> <span class='ocrx_word' id='word_1_74' title='bbox 1233 1306 1381 1368; x_wconf 87' lang='lat' dir='ltr'>hostiam</span> <span class='ocrx_word' id='word_1_75' title='bbox 1420 1306 1494 1387; x_wconf 89' lang='lat' dir='ltr'>ipse</span> 
     </span>
     <span class='ocr_line' id='line_1_11' title="bbox 281 1391 1304 1474; baseline -0.001 -19"><span class='ocrx_word' id='word_1_76' title='bbox 281 1392 461 1455; x_wconf 89' lang='lat' dir='ltr'>benedicas</span> <span class='ocrx_word' id='word_1_77' title='bbox 483 1391 664 1473; x_wconf 80' lang='lat' dir='ltr'>inpositam</span> <span class='ocrx_word' id='word_1_78' title='bbox 688 1392 760 1473; x_wconf 88' lang='lat' dir='ltr'>ipse</span> <span class='ocrx_word' id='word_1_79' title='bbox 782 1392 945 1473; x_wconf 88' lang='lat' dir='ltr'>suscipias</span> <span class='ocrx_word' id='word_1_80' title='bbox 965 1403 1195 1457; x_wconf 81' lang='lat' dir='ltr'>consecratam</span> <span class='ocrx_word' id='word_1_81' title='bbox 1211 1444 1219 1454; x_wconf 93' lang='lat'>.</span> <span class='ocrx_word' id='word_1_82' title='bbox 1235 1413 1304 1474; x_wconf 85' lang='lat' dir='ltr'>per.</span> 
     </span>
    </p>
   </div>
   <div class='ocr_carea' id='block_1_6' title="bbox 839 1557 934 1622">
    <p class='ocr_par' dir='ltr' id='par_1_6' title="bbox 839 1557 934 1622">
     <span class='ocr_line' id='line_1_12' title="bbox 839 1557 934 1622; baseline 0.032 -3"><span class='ocrx_word' id='word_1_83' title='bbox 839 1557 934 1622; x_wconf 60' lang='lat' dir='ltr'>Ala.</span> 
     </span>
    </p>
   </div>
   <div class='ocr_carea' id='block_1_7' title="bbox 279 1694 1493 2305">
    <p class='ocr_par' dir='ltr' id='par_1_7' title="bbox 279 1694 1493 2305">
     <span class='ocr_line' id='line_1_13' title="bbox 352 1694 1493 1777; baseline -0.001 -16"><span class='ocrx_word' id='word_1_84' title='bbox 352 1694 477 1762; x_wconf 87' lang='lat' dir='ltr'>Omine</span> <span class='ocrx_word' id='word_1_85' title='bbox 513 1703 629 1757; x_wconf 87' lang='lat' dir='ltr'>sancte</span> <span class='ocrx_word' id='word_1_86' title='bbox 675 1703 772 1776; x_wconf 90' lang='lat' dir='ltr'>pater</span> <span class='ocrx_word' id='word_1_87' title='bbox 809 1695 1027 1777; x_wconf 87' lang='lat' dir='ltr'>omnipotens</span> <span class='ocrx_word' id='word_1_88' title='bbox 1064 1700 1210 1777; x_wconf 66' lang='lat' dir='ltr'>etemet</span> <span class='ocrx_word' id='word_1_89' title='bbox 1239 1697 1347 1760; x_wconf 89' lang='lat' dir='ltr'>deus.</span> <span class='ocrx_word' id='word_1_90' title='bbox 1362 1708 1493 1762; x_wconf 87' lang='lat' dir='ltr'>creator</span> 
     </span>
     <span class='ocr_line' id='line_1_14' title="bbox 393 1781 1490 1867; baseline 0.005 -24"><span class='ocrx_word' id='word_1_91' title='bbox 393 1781 457 1859; x_wconf 73' lang='lat' dir='ltr'>eeli</span> <span class='ocrx_word' id='word_1_92' title='bbox 483 1790 518 1845; x_wconf 86' lang='lat' dir='ltr'>et</span> <span class='ocrx_word' id='word_1_93' title='bbox 542 1790 630 1859; x_wconf 76' lang='lat' dir='ltr'>terre</span> <span class='ocrx_word' id='word_1_94' title='bbox 660 1782 761 1844; x_wconf 88' lang='lat' dir='ltr'>maris</span> <span class='ocrx_word' id='word_1_95' title='bbox 790 1790 826 1846; x_wconf 92' lang='lat' dir='ltr'>et</span> <span class='ocrx_word' id='word_1_96' title='bbox 854 1783 1007 1846; x_wconf 89' lang='lat' dir='ltr'>omnium</span> <span class='ocrx_word' id='word_1_97' title='bbox 1037 1783 1282 1847; x_wconf 88' lang='lat' dir='ltr'>elementorum</span> <span class='ocrx_word' id='word_1_98' title='bbox 1296 1834 1306 1848; x_wconf 91' lang='lat'>.</span> <span class='ocrx_word' id='word_1_99' title='bbox 1322 1786 1490 1867; x_wconf 89' lang='lat' dir='ltr'>supplices</span> 
     </span>
     <span class='ocr_line' id='line_1_15' title="bbox 281 1869 1490 1952; baseline 0.002 -19"><span class='ocrx_word' id='word_1_100' title='bbox 281 1869 493 1933; x_wconf 87' lang='lat' dir='ltr'>maiestatem</span> <span class='ocrx_word' id='word_1_101' title='bbox 530 1877 626 1932; x_wconf 89' lang='lat' dir='ltr'>tuam</span> <span class='ocrx_word' id='word_1_102' title='bbox 664 1888 848 1932; x_wconf 87' lang='lat' dir='ltr'>exoramus</span> <span class='ocrx_word' id='word_1_103' title='bbox 884 1880 920 1933; x_wconf 92' lang='lat' dir='ltr'>et</span> <span class='ocrx_word' id='word_1_104' title='bbox 955 1870 1103 1952; x_wconf 87' lang='lat' dir='ltr'>petimus</span> <span class='ocrx_word' id='word_1_105' title='bbox 1118 1920 1127 1934; x_wconf 92' lang='lat'><strong>.</strong></span> <span class='ocrx_word' id='word_1_106' title='bbox 1142 1880 1182 1933; x_wconf 88' lang='lat' dir='ltr'>nt</span> <span class='ocrx_word' id='word_1_107' title='bbox 1217 1871 1415 1934; x_wconf 86' lang='lat' dir='ltr'>benedicere</span> <span class='ocrx_word' id='word_1_108' title='bbox 1454 1885 1490 1936; x_wconf 93' lang='lat' dir='ltr'>et</span> 
     </span>
     <span class='ocr_line' id='line_1_16' title="bbox 281 1955 1489 2039; baseline 0.001 -18"><span class='ocrx_word' id='word_1_109' title='bbox 281 1956 490 2021; x_wconf 87' lang='lat' dir='ltr'>sanctificare</span> <span class='ocrx_word' id='word_1_110' title='bbox 523 1955 670 2037; x_wconf 87' lang='lat' dir='ltr'>digneris</span> <span class='ocrx_word' id='word_1_111' title='bbox 707 1955 859 2019; x_wconf 86' lang='lat' dir='ltr'>tabulam</span> <span class='ocrx_word' id='word_1_112' title='bbox 889 1957 1014 2020; x_wconf 90' lang='lat' dir='ltr'>istam.</span> <span class='ocrx_word' id='word_1_113' title='bbox 1030 1978 1077 2020; x_wconf 86' lang='lat' dir='ltr'>ex</span> <span class='ocrx_word' id='word_1_114' title='bbox 1106 1956 1220 2039; x_wconf 88' lang='lat' dir='ltr'>lapide</span> <span class='ocrx_word' id='word_1_115' title='bbox 1248 1968 1401 2036; x_wconf 76' lang='lat' dir='ltr'>creature</span> <span class='ocrx_word' id='word_1_116' title='bbox 1429 1969 1489 2037; x_wconf 75' lang='lat' dir='ltr'>tue</span> 
     </span>
     <span class='ocr_line' id='line_1_17' title="bbox 282 2041 1490 2127; baseline 0.001 -19"><span class='ocrx_word' id='word_1_117' title='bbox 282 2063 385 2108; x_wconf 90' lang='lat' dir='ltr'>manu</span> <span class='ocrx_word' id='word_1_118' title='bbox 414 2043 561 2107; x_wconf 87' lang='lat' dir='ltr'>hominis</span> <span class='ocrx_word' id='word_1_119' title='bbox 594 2043 840 2125; x_wconf 88' lang='lat' dir='ltr'>adquadratam</span> <span class='ocrx_word' id='word_1_120' title='bbox 872 2041 921 2126; x_wconf 87' lang='lat' dir='ltr'>[et</span> <span class='ocrx_word' id='word_1_121' title='bbox 950 2041 1165 2127; x_wconf 73' lang='lat' dir='ltr'>omatamP.</span> <span class='ocrx_word' id='word_1_122' title='bbox 1181 2046 1269 2108; x_wconf 88' lang='lat' dir='ltr'>sicut</span> <span class='ocrx_word' id='word_1_123' title='bbox 1292 2046 1490 2109; x_wconf 89' lang='lat' dir='ltr'>benedicere</span> 
     </span>
     <span class='ocr_line' id='line_1_18' title="bbox 280 2129 1490 2213; baseline 0.002 -18"><span class='ocrx_word' id='word_1_124' title='bbox 280 2132 439 2213; x_wconf 83' lang='lat' dir='ltr'>dignatus</span> <span class='ocrx_word' id='word_1_125' title='bbox 477 2151 513 2194; x_wconf 90' lang='lat' dir='ltr'>es</span> <span class='ocrx_word' id='word_1_126' title='bbox 547 2129 653 2193; x_wconf 89' lang='lat' dir='ltr'>altare</span> <span class='ocrx_word' id='word_1_127' title='bbox 689 2129 772 2193; x_wconf 90' lang='lat' dir='ltr'>illud</span> <span class='ocrx_word' id='word_1_128' title='bbox 810 2132 902 2212; x_wconf 92' lang='lat' dir='ltr'>quod</span> <span class='ocrx_word' id='word_1_129' title='bbox 939 2151 1006 2194; x_wconf 92' lang='lat' dir='ltr'>noe</span> <span class='ocrx_word' id='word_1_130' title='bbox 1043 2141 1123 2213; x_wconf 90' lang='lat' dir='ltr'>post</span> <span class='ocrx_word' id='word_1_131' title='bbox 1155 2142 1364 2196; x_wconf 88' lang='lat' dir='ltr'>transactum</span> <span class='ocrx_word' id='word_1_132' title='bbox 1398 2142 1490 2197; x_wconf 91' lang='lat' dir='ltr'>cata·</span> 
     </span>
     <span class='ocr_line' id='line_1_19' title="bbox 279 2216 1488 2305; baseline 0.002 -23"><span class='ocrx_word' id='word_1_133' title='bbox 279 2218 397 2283; x_wconf 89' lang='lat' dir='ltr'>elisma</span> <span class='ocrx_word' id='word_1_134' title='bbox 427 2238 488 2300; x_wconf 91' lang='lat' dir='ltr'>per</span> <span class='ocrx_word' id='word_1_135' title='bbox 516 2216 656 2280; x_wconf 89' lang='lat' dir='ltr'>uerbum</span> <span class='ocrx_word' id='word_1_136' title='bbox 687 2226 841 2280; x_wconf 90' lang='lat' dir='ltr'>sanctum</span> <span class='ocrx_word' id='word_1_137' title='bbox 871 2227 967 2280; x_wconf 91' lang='lat' dir='ltr'>tuum</span> <span class='ocrx_word' id='word_1_138' title='bbox 994 2216 1043 2301; x_wconf 82' lang='lat' dir='ltr'>lin</span> <span class='ocrx_word' id='word_1_139' title='bbox 1069 2218 1208 2281; x_wconf 90' lang='lat' dir='ltr'>nomine</span> <span class='ocrx_word' id='word_1_140' title='bbox 1232 2220 1288 2282; x_wconf 90' lang='lat' dir='ltr'>dei</span> <span class='ocrx_word' id='word_1_141' title='bbox 1319 2216 1391 2305; x_wconf 82' lang='lat' dir='ltr'>[sol</span> <span class='ocrx_word' id='word_1_142' title='bbox 1418 2239 1488 2298; x_wconf 84' lang='lat'>104</span> 
     </span>
    </p>
   </div>
   <div class='ocr_carea' id='block_1_8' title="bbox 278 2302 1489 2824">
    <p class='ocr_par' dir='ltr' id='par_1_8' title="bbox 278 2302 1489 2824">
     <span class='ocr_line' id='line_1_20' title="bbox 280 2302 1489 2387; baseline 0.001 -18"><span class='ocrx_word' id='word_1_143' title='bbox 280 2306 384 2387; x_wconf 87' lang='lat' dir='ltr'>patris</span> <span class='ocrx_word' id='word_1_144' title='bbox 413 2304 655 2386; x_wconf 86' lang='lat' dir='ltr'>omnipotentis</span> <span class='ocrx_word' id='word_1_145' title='bbox 684 2302 855 2367; x_wconf 88' lang='lat' dir='ltr'>edificauit</span> <span class='ocrx_word' id='word_1_146' title='bbox 869 2353 877 2366; x_wconf 92' lang='lat'><strong><em>.</em></strong></span> <span class='ocrx_word' id='word_1_147' title='bbox 893 2325 993 2387; x_wconf 87' lang='lat' dir='ltr'>snper</span> <span class='ocrx_word' id='word_1_148' title='bbox 1022 2306 1113 2387; x_wconf 92' lang='lat' dir='ltr'>quod</span> <span class='ocrx_word' id='word_1_149' title='bbox 1146 2306 1307 2369; x_wconf 82' lang='lat' dir='ltr'>defuncta</span> <span class='ocrx_word' id='word_1_150' title='bbox 1335 2307 1489 2370; x_wconf 90' lang='lat' dir='ltr'>animan-</span> 
     </span>
     <span class='ocr_line' id='line_1_21' title="bbox 278 2390 1488 2469; baseline 0.001 -13"><span class='ocrx_word' id='word_1_151' title='bbox 278 2392 327 2457; x_wconf 89' lang='lat' dir='ltr'>tia</span> <span class='ocrx_word' id='word_1_152' title='bbox 363 2402 450 2469; x_wconf 75' lang='lat' dir='ltr'>terre</span> <span class='ocrx_word' id='word_1_153' title='bbox 487 2390 603 2455; x_wconf 88' lang='lat' dir='ltr'>oblata</span> <span class='ocrx_word' id='word_1_154' title='bbox 638 2398 717 2454; x_wconf 91' lang='lat' dir='ltr'>sunt</span> <span class='ocrx_word' id='word_1_155' title='bbox 747 2392 874 2454; x_wconf 92' lang='lat' dir='ltr'>munda</span> <span class='ocrx_word' id='word_1_156' title='bbox 902 2401 938 2454; x_wconf 90' lang='lat' dir='ltr'>et</span> <span class='ocrx_word' id='word_1_157' title='bbox 966 2391 1130 2455; x_wconf 90' lang='lat' dir='ltr'>inmunda</span> <span class='ocrx_word' id='word_1_158' title='bbox 1144 2440 1154 2455; x_wconf 88' lang='lat'><strong>.</strong></span> <span class='ocrx_word' id='word_1_159' title='bbox 1169 2392 1230 2456; x_wconf 88' lang='lat' dir='ltr'>sed</span> <span class='ocrx_word' id='word_1_160' title='bbox 1260 2394 1425 2457; x_wconf 90' lang='lat' dir='ltr'>inmunda</span> <span class='ocrx_word' id='word_1_161' title='bbox 1453 2396 1488 2457; x_wconf 92' lang='lat' dir='ltr'>in</span> 
     </span>
     <span class='ocr_line' id='line_1_22' title="bbox 279 2478 1487 2563; baseline 0.001 -20"><span class='ocrx_word' id='word_1_162' title='bbox 279 2478 386 2563; x_wconf 82' lang='lat' dir='ltr'>ligura</span> <span class='ocrx_word' id='word_1_163' title='bbox 407 2478 584 2560; x_wconf 87' lang='lat' dir='ltr'>gentilium</span> <span class='ocrx_word' id='word_1_164' title='bbox 608 2498 675 2560; x_wconf 78' lang='lat' dir='ltr'>que</span> <span class='ocrx_word' id='word_1_165' title='bbox 696 2498 718 2540; x_wconf 92' lang='lat' dir='ltr'>a</span> <span class='ocrx_word' id='word_1_166' title='bbox 740 2478 859 2561; x_wconf 85' lang='lat' dir='ltr'>spiritu</span> <span class='ocrx_word' id='word_1_167' title='bbox 884 2487 1002 2541; x_wconf 89' lang='lat' dir='ltr'>sancto</span> <span class='ocrx_word' id='word_1_168' title='bbox 1028 2479 1192 2543; x_wconf 90' lang='lat' dir='ltr'>mundata</span> <span class='ocrx_word' id='word_1_169' title='bbox 1218 2491 1253 2544; x_wconf 92' lang='lat' dir='ltr'>et</span> <span class='ocrx_word' id='word_1_170' title='bbox 1282 2481 1317 2542; x_wconf 92' lang='lat' dir='ltr'>in</span> <span class='ocrx_word' id='word_1_171' title='bbox 1348 2482 1487 2544; x_wconf 87' lang='lat' dir='ltr'>odorem</span> 
     </span>
     <span class='ocr_line' id='line_1_23' title="bbox 278 2564 1485 2650; baseline 0.002 -20"><span class='ocrx_word' id='word_1_172' title='bbox 278 2566 455 2631; x_wconf 86' lang='lat' dir='ltr'>suauitatis</span> <span class='ocrx_word' id='word_1_173' title='bbox 503 2574 664 2648; x_wconf 81' lang='lat' dir='ltr'>accepta.</span> <span class='ocrx_word' id='word_1_174' title='bbox 678 2564 844 2649; x_wconf 87' lang='lat' dir='ltr'>scriptura</span> <span class='ocrx_word' id='word_1_175' title='bbox 898 2575 1188 2630; x_wconf 85' lang='lat' dir='ltr'>commemorante</span> <span class='ocrx_word' id='word_1_176' title='bbox 1241 2569 1485 2650; x_wconf 77' lang='lat' dir='ltr'>cognocimus.</span> 
     </span>
     <span class='ocr_line' id='line_1_24' title="bbox 279 2652 1487 2739; baseline -0.001 -19"><span class='ocrx_word' id='word_1_177' title='bbox 279 2653 489 2736; x_wconf 86' lang='lat' dir='ltr'>Suscipiatur</span> <span class='ocrx_word' id='word_1_178' title='bbox 503 2653 594 2735; x_wconf 90' lang='lat' dir='ltr'>apud</span> <span class='ocrx_word' id='word_1_179' title='bbox 616 2662 651 2716; x_wconf 89' lang='lat' dir='ltr'>te</span> <span class='ocrx_word' id='word_1_180' title='bbox 671 2652 726 2715; x_wconf 92' lang='lat' dir='ltr'>hic</span> <span class='ocrx_word' id='word_1_181' title='bbox 746 2654 997 2735; x_wconf 89' lang='lat' dir='ltr'>superpositum</span> <span class='ocrx_word' id='word_1_182' title='bbox 1017 2652 1487 2739; x_wconf 89' lang='lat' dir='ltr'>sacrificium.quodcumquc</span> 
     </span>
     <span class='ocr_line' id='line_1_25' title="bbox 278 2739 1314 2824; baseline 0.002 -21"><span class='ocrx_word' id='word_1_183' title='bbox 278 2761 338 2824; x_wconf 88' lang='lat' dir='ltr'>per</span> <span class='ocrx_word' id='word_1_184' title='bbox 360 2760 481 2804; x_wconf 90' lang='lat' dir='ltr'>manus</span> <span class='ocrx_word' id='word_1_185' title='bbox 503 2739 716 2803; x_wconf 89' lang='lat' dir='ltr'>sacerdotum</span> <span class='ocrx_word' id='word_1_186' title='bbox 739 2740 900 2804; x_wconf 81' lang='lat' dir='ltr'>offeratur</span> <span class='ocrx_word' id='word_1_187' title='bbox 914 2790 922 2804; x_wconf 92' lang='lat'><strong>.</strong></span> <span class='ocrx_word' id='word_1_188' title='bbox 938 2742 996 2823; x_wconf 92' lang='lat' dir='ltr'>qui</span> <span class='ocrx_word' id='word_1_189' title='bbox 1019 2741 1105 2804; x_wconf 92' lang='lat' dir='ltr'>uiuis</span> <span class='ocrx_word' id='word_1_190' title='bbox 1127 2750 1162 2805; x_wconf 91' lang='lat' dir='ltr'>et</span> <span class='ocrx_word' id='word_1_191' title='bbox 1184 2762 1314 2824; x_wconf 90' lang='lat' dir='ltr'>regnas.</span> 
     </span>
    </p>
   </div>
   <div class='ocr_carea' id='block_1_9' title="bbox 274 2926 1493 3098">
    <p class='ocr_par' dir='ltr' id='par_1_9' title="bbox 274 2926 1493 3098">
     <span class='ocr_line' id='line_1_26' title="bbox 320 2926 1493 3012; baseline 0.001 -21"><span class='ocrx_word' id='word_1_192' title='bbox 320 2928 438 2992; x_wconf 82' lang='lat' dir='ltr'>Postea</span> <span class='ocrx_word' id='word_1_193' title='bbox 460 2926 575 2990; x_wconf 80' lang='lat' dir='ltr'>mittat</span> <span class='ocrx_word' id='word_1_194' title='bbox 593 2928 695 2991; x_wconf 82' lang='lat' dir='ltr'>oleum</span> <span class='ocrx_word' id='word_1_195' title='bbox 717 2937 811 3009; x_wconf 81' lang='lat' dir='ltr'>super</span> <span class='ocrx_word' id='word_1_196' title='bbox 832 2928 940 2990; x_wconf 82' lang='lat' dir='ltr'>altare</span> <span class='ocrx_word' id='word_1_197' title='bbox 965 2926 1000 2988; x_wconf 83' lang='lat' dir='ltr'>in</span> <span class='ocrx_word' id='word_1_198' title='bbox 1027 2927 1133 2990; x_wconf 60' lang='lat' dir='ltr'>inedia</span> <span class='ocrx_word' id='word_1_199' title='bbox 1156 2949 1280 2992; x_wconf 86' lang='lat' dir='ltr'>crucem</span> <span class='ocrx_word' id='word_1_200' title='bbox 1301 2930 1435 3012; x_wconf 83' lang='lat' dir='ltr'>jaciens</span> <span class='ocrx_word' id='word_1_201' title='bbox 1459 2942 1493 2994; x_wconf 83' lang='lat' dir='ltr'>et</span> 
     </span>
     <span class='ocr_line' id='line_1_27' title="bbox 274 3013 940 3098; baseline -0.005 -19"><span class='ocrx_word' id='word_1_202' title='bbox 274 3026 371 3098; x_wconf 81' lang='lat' dir='ltr'>super</span> <span class='ocrx_word' id='word_1_203' title='bbox 393 3016 483 3082; x_wconf 60' lang='lat' dir='ltr'>z&#39;z&#39;iit&#39;.</span> <span class='ocrx_word' id='word_1_204' title='bbox 504 3015 641 3097; x_wconf 78' lang='lat' dir='ltr'>angulos</span> <span class='ocrx_word' id='word_1_205' title='bbox 661 3035 734 3076; x_wconf 83' lang='lat' dir='ltr'>curn</span> <span class='ocrx_word' id='word_1_206' title='bbox 756 3013 940 3096; x_wconf 75' lang='lat' dir='ltr'>antiphona.</span> 
     </span>
    </p>
   </div>
   <div class='ocr_carea' id='block_1_10' title="bbox 277 3149 1487 3317">
    <p class='ocr_par' dir='ltr' id='par_1_10' title="bbox 277 3149 1487 3317">
     <span class='ocr_line' id='line_1_28' title="bbox 321 3149 1487 3235; baseline 0 -19"><span class='ocrx_word' id='word_1_207' title='bbox 321 3149 462 3216; x_wconf 75' lang='lat' dir='ltr'>*Erexit</span> <span class='ocrx_word' id='word_1_208' title='bbox 484 3150 581 3214; x_wconf 93' lang='lat' dir='ltr'>iacob</span> <span class='ocrx_word' id='word_1_209' title='bbox 607 3150 756 3232; x_wconf 86' lang='lat' dir='ltr'>lapidem</span> <span class='ocrx_word' id='word_1_210' title='bbox 780 3151 814 3212; x_wconf 93' lang='lat' dir='ltr'>in</span> <span class='ocrx_word' id='word_1_211' title='bbox 837 3149 974 3214; x_wconf 86' lang='lat' dir='ltr'>titulum</span> <span class='ocrx_word' id='word_1_212' title='bbox 1001 3149 1147 3214; x_wconf 85' lang='lat' dir='ltr'>fundens</span> <span class='ocrx_word' id='word_1_213' title='bbox 1177 3150 1290 3215; x_wconf 92' lang='lat' dir='ltr'>oleum</span> <span class='ocrx_word' id='word_1_214' title='bbox 1313 3153 1487 3235; x_wconf 71' lang='lat' dir='ltr'>desuper*</span> 
     </span>
     <span class='ocr_line' id='line_1_29' title="bbox 277 3239 668 3317; baseline -0.003 -15"><span class='ocrx_word' id='word_1_215' title='bbox 277 3239 337 3304; x_wconf 86' lang='lat' dir='ltr'>Ps.</span> <span class='ocrx_word' id='word_1_216' title='bbox 362 3253 473 3317; x_wconf 82' lang='lat' dir='ltr'><strong>QUAM</strong></span> <span class='ocrx_word' id='word_1_217' title='bbox 497 3251 668 3302; x_wconf 68' lang='lat' dir='ltr'>nuncin.</span> 
     </span>
    </p>
   </div>
   <div class='ocr_carea' id='block_1_11' title="bbox 277 3384 1486 4341">
    <p class='ocr_par' dir='ltr' id='par_1_11' title="bbox 277 3384 1486 4341">
     <span class='ocr_line' id='line_1_30' title="bbox 348 3384 1484 3464; baseline -0.001 -12"><span class='ocrx_word' id='word_1_218' title='bbox 348 3388 436 3452; x_wconf 92' lang='lat' dir='ltr'>Eum</span> <span class='ocrx_word' id='word_1_219' title='bbox 460 3385 687 3450; x_wconf 87' lang='lat' dir='ltr'>uniuersitatis</span> <span class='ocrx_word' id='word_1_220' title='bbox 710 3384 872 3449; x_wconf 87' lang='lat' dir='ltr'>artificem</span> <span class='ocrx_word' id='word_1_221' title='bbox 884 3435 891 3450; x_wconf 88' lang='lat'><strong>.</strong></span> <span class='ocrx_word' id='word_1_222' title='bbox 905 3395 939 3450; x_wconf 90' lang='lat' dir='ltr'>et</span> <span class='ocrx_word' id='word_1_223' title='bbox 961 3386 1114 3464; x_wconf 79' lang='lat' dir='ltr'>inmense</span> <span class='ocrx_word' id='word_1_224' title='bbox 1133 3385 1233 3451; x_wconf 91' lang='lat' dir='ltr'>molis</span> <span class='ocrx_word' id='word_1_225' title='bbox 1252 3388 1484 3452; x_wconf 87' lang='lat' dir='ltr'>admirabilem</span> 
     </span>
     <span class='ocr_line' id='line_1_31' title="bbox 391 3471 1485 3558; baseline -0.001 -19"><span class='ocrx_word' id='word_1_226' title='bbox 391 3475 599 3539; x_wconf 89' lang='lat' dir='ltr'>conditorem</span> <span class='ocrx_word' id='word_1_227' title='bbox 623 3471 740 3536; x_wconf 86' lang='lat' dir='ltr'>fratres</span> <span class='ocrx_word' id='word_1_228' title='bbox 763 3472 930 3535; x_wconf 89' lang='lat' dir='ltr'>karissimi</span> <span class='ocrx_word' id='word_1_229' title='bbox 955 3475 1044 3536; x_wconf 91' lang='lat' dir='ltr'>uotis</span> <span class='ocrx_word' id='word_1_230' title='bbox 1070 3473 1302 3538; x_wconf 89' lang='lat' dir='ltr'>exultantibus</span> <span class='ocrx_word' id='word_1_231' title='bbox 1328 3475 1485 3558; x_wconf 85' lang='lat' dir='ltr'>deprece-</span> 
     </span>
     <span class='ocr_line' id='line_1_32' title="bbox 279 3558 1483 3644; baseline -0.001 -18"><span class='ocrx_word' id='word_1_232' title='bbox 279 3582 376 3627; x_wconf 91' lang='lat' dir='ltr'>mur.</span> <span class='ocrx_word' id='word_1_233' title='bbox 391 3571 429 3626; x_wconf 91' lang='lat' dir='ltr'>ut</span> <span class='ocrx_word' id='word_1_234' title='bbox 451 3561 507 3644; x_wconf 92' lang='lat' dir='ltr'>qui</span> <span class='ocrx_word' id='word_1_235' title='bbox 537 3580 597 3643; x_wconf 89' lang='lat' dir='ltr'>per</span> <span class='ocrx_word' id='word_1_236' title='bbox 625 3569 736 3623; x_wconf 92' lang='lat' dir='ltr'>totum</span> <span class='ocrx_word' id='word_1_237' title='bbox 768 3559 932 3622; x_wconf 92' lang='lat' dir='ltr'>mundum</span> <span class='ocrx_word' id='word_1_238' title='bbox 956 3558 1059 3623; x_wconf 90' lang='lat' dir='ltr'>fidem</span> <span class='ocrx_word' id='word_1_239' title='bbox 1090 3563 1233 3642; x_wconf 88' lang='lat' dir='ltr'>aspersit</span> <span class='ocrx_word' id='word_1_240' title='bbox 1261 3572 1296 3625; x_wconf 91' lang='lat' dir='ltr'>et</span> <span class='ocrx_word' id='word_1_241' title='bbox 1326 3561 1483 3625; x_wconf 91' lang='lat' dir='ltr'>eclesiam</span> 
     </span>
     <span class='ocr_line' id='line_1_33' title="bbox 278 3646 1484 3749; baseline 0.001 -37"><span class='ocrx_word' id='word_1_242' title='bbox 278 3649 518 3732; x_wconf 87' lang='lat' dir='ltr'>congregauit.</span> <span class='ocrx_word' id='word_1_243' title='bbox 535 3666 636 3730; x_wconf 90' lang='lat' dir='ltr'>quam</span> <span class='ocrx_word' id='word_1_244' title='bbox 663 3647 749 3728; x_wconf 91' lang='lat' dir='ltr'>lapis</span> <span class='ocrx_word' id='word_1_245' title='bbox 774 3646 908 3710; x_wconf 89' lang='lat' dir='ltr'>excisus</span> <span class='ocrx_word' id='word_1_246' title='bbox 932 3647 1004 3709; x_wconf 90' lang='lat' dir='ltr'>sine</span> <span class='ocrx_word' id='word_1_247' title='bbox 1030 3648 1185 3711; x_wconf 90' lang='lat' dir='ltr'>manibus</span> <span class='ocrx_word' id='word_1_248' title='bbox 1211 3649 1363 3749; x_wconf 79' lang='lat' dir='ltr'>angulari</span> <span class='ocrx_word' id='word_1_249' title='bbox 1393 3670 1484 3713; x_wconf 92' lang='lat' dir='ltr'>com-</span> 
     </span>
     <span class='ocr_line' id='line_1_34' title="bbox 278 3732 1484 3820; baseline 0.001 -21"><span class='ocrx_word' id='word_1_250' title='bbox 278 3755 366 3820; x_wconf 84' lang='lat' dir='ltr'>page</span> <span class='ocrx_word' id='word_1_251' title='bbox 396 3734 580 3799; x_wconf 86' lang='lat' dir='ltr'>solidauit.</span> <span class='ocrx_word' id='word_1_252' title='bbox 594 3742 633 3797; x_wconf 91' lang='lat' dir='ltr'>ut</span> <span class='ocrx_word' id='word_1_253' title='bbox 663 3732 841 3798; x_wconf 85' lang='lat' dir='ltr'>adtolleret</span> <span class='ocrx_word' id='word_1_254' title='bbox 871 3742 974 3816; x_wconf 91' lang='lat' dir='ltr'>caput</span> <span class='ocrx_word' id='word_1_255' title='bbox 1003 3733 1037 3797; x_wconf 92' lang='lat' dir='ltr'>in</span> <span class='ocrx_word' id='word_1_256' title='bbox 1067 3734 1198 3798; x_wconf 90' lang='lat' dir='ltr'>caelum</span> <span class='ocrx_word' id='word_1_257' title='bbox 1228 3738 1286 3818; x_wconf 92' lang='lat' dir='ltr'>qui</span> <span class='ocrx_word' id='word_1_258' title='bbox 1317 3736 1359 3799; x_wconf 90' lang='lat' dir='ltr'>de</span> <span class='ocrx_word' id='word_1_259' title='bbox 1389 3737 1484 3800; x_wconf 92' lang='lat' dir='ltr'>caelo</span> 
     </span>
     <span class='ocr_line' id='line_1_35' title="bbox 277 3817 1484 3921; baseline 0.001 -35"><span class='ocrx_word' id='word_1_260' title='bbox 277 3823 407 3906; x_wconf 92' lang='lat' dir='ltr'>accepit</span> <span class='ocrx_word' id='word_1_261' title='bbox 429 3822 708 3886; x_wconf 82' lang='lat' dir='ltr'>fundamentum.</span> <span class='ocrx_word' id='word_1_262' title='bbox 725 3820 872 3921; x_wconf 86' lang='lat' dir='ltr'>lapidem</span> <span class='ocrx_word' id='word_1_263' title='bbox 900 3817 1011 3884; x_wconf 80' lang='lat' dir='ltr'>hunc⁸</span> <span class='ocrx_word' id='word_1_264' title='bbox 1032 3821 1076 3884; x_wconf 92' lang='lat' dir='ltr'>ad</span> <span class='ocrx_word' id='word_1_265' title='bbox 1103 3821 1388 3887; x_wconf 82' lang='lat' dir='ltr'>conficiendum</span> <span class='ocrx_word' id='word_1_266' title='bbox 1378 3844 1411 3887; x_wconf 89' lang='grc' dir='ltr'>ιιι</span> <span class='ocrx_word' id='word_1_267' title='bbox 1443 3845 1484 3886; x_wconf 92' lang='lat' dir='ltr'>eo</span> 
     </span>
     <span class='ocr_line' id='line_1_36' title="bbox 278 3907 1484 3991; baseline 0 -18"><span class='ocrx_word' id='word_1_268' title='bbox 278 3909 348 3988; x_wconf 76' lang='lat' dir='ltr'>uite</span> <span class='ocrx_word' id='word_1_269' title='bbox 389 3918 598 3972; x_wconf 87' lang='lat' dir='ltr'>sacramenta</span> <span class='ocrx_word' id='word_1_270' title='bbox 642 3908 879 3991; x_wconf 89' lang='lat' dir='ltr'>conpositum.</span> <span class='ocrx_word' id='word_1_271' title='bbox 897 3908 944 3971; x_wconf 90' lang='lat' dir='ltr'>ita</span> <span class='ocrx_word' id='word_1_272' title='bbox 988 3907 1143 3972; x_wconf 88' lang='lat' dir='ltr'>crismate</span> <span class='ocrx_word' id='word_1_273' title='bbox 1183 3910 1298 3988; x_wconf 77' lang='lat' dir='ltr'>diuine</span> <span class='ocrx_word' id='word_1_274' title='bbox 1338 3910 1484 3973; x_wconf 92' lang='lat' dir='ltr'>sanctifi-</span> 
     </span>
     <span class='ocr_line' id='line_1_37' title="bbox 278 3993 1486 4078; baseline -0.001 -18"><span class='ocrx_word' id='word_1_275' title='bbox 278 3997 419 4060; x_wconf 89' lang='lat' dir='ltr'>cationis</span> <span class='ocrx_word' id='word_1_276' title='bbox 442 3995 691 4078; x_wconf 80' lang='lat' dir='ltr'>perfundat.ut</span> <span class='ocrx_word' id='word_1_277' title='bbox 713 4014 814 4078; x_wconf 89' lang='lat' dir='ltr'>super</span> <span class='ocrx_word' id='word_1_278' title='bbox 833 3994 917 4059; x_wconf 92' lang='lat' dir='ltr'>illud</span> <span class='ocrx_word' id='word_1_279' title='bbox 939 3993 1176 4070; x_wconf 81' lang='lat' dir='ltr'>odorandam†</span> <span class='ocrx_word' id='word_1_280' title='bbox 1191 3994 1250 4059; x_wconf 85' lang='lat' dir='ltr'>filii</span> <span class='ocrx_word' id='word_1_281' title='bbox 1265 3997 1317 4060; x_wconf 90' lang='lat' dir='ltr'>sui</span> <span class='ocrx_word' id='word_1_282' title='bbox 1337 3999 1486 4061; x_wconf 88' lang='lat' dir='ltr'>hostiam</span> 
     </span>
     <span class='ocr_line' id='line_1_38' title="bbox 279 4081 1484 4167; baseline 0 -21"><span class='ocrx_word' id='word_1_283' title='bbox 279 4083 352 4167; x_wconf 89' lang='lat' dir='ltr'>ipse</span> <span class='ocrx_word' id='word_1_284' title='bbox 377 4081 554 4146; x_wconf 84' lang='lat' dir='ltr'>benedicat</span> <span class='ocrx_word' id='word_1_285' title='bbox 576 4081 758 4165; x_wconf 88' lang='lat' dir='ltr'>inpositam</span> <span class='ocrx_word' id='word_1_286' title='bbox 775 4129 782 4145; x_wconf 88' lang='lat'><strong>.</strong></span> <span class='ocrx_word' id='word_1_287' title='bbox 799 4081 872 4162; x_wconf 90' lang='lat' dir='ltr'>ipse</span> <span class='ocrx_word' id='word_1_288' title='bbox 895 4083 1056 4165; x_wconf 89' lang='lat' dir='ltr'>suscipiat</span> <span class='ocrx_word' id='word_1_289' title='bbox 1078 4094 1332 4148; x_wconf 89' lang='lat' dir='ltr'>consecratam.</span> <span class='ocrx_word' id='word_1_290' title='bbox 1349 4083 1402 4150; x_wconf 92' lang='lat' dir='ltr'>Sit</span> <span class='ocrx_word' id='word_1_291' title='bbox 1429 4085 1484 4146; x_wconf 91' lang='lat' dir='ltr'>hic</span> 
     </span>
     <span class='ocr_line' id='line_1_39' title="bbox 277 4166 1484 4256; baseline 0 -22"><span class='ocrx_word' id='word_1_292' title='bbox 277 4169 416 4234; x_wconf 85' lang='lat' dir='ltr'>uictima</span> <span class='ocrx_word' id='word_1_293' title='bbox 438 4167 573 4254; x_wconf 70' lang='lat' dir='ltr'>sunitati</span> <span class='ocrx_word' id='word_1_294' title='bbox 599 4167 786 4246; x_wconf 74' lang='lat' dir='ltr'>substantie</span> <span class='ocrx_word' id='word_1_295' title='bbox 813 4177 847 4231; x_wconf 94' lang='lat' dir='ltr'>et</span> <span class='ocrx_word' id='word_1_296' title='bbox 874 4188 1089 4250; x_wconf 90' lang='lat' dir='ltr'>personarum</span> <span class='ocrx_word' id='word_1_297' title='bbox 1117 4170 1259 4233; x_wconf 88' lang='lat' dir='ltr'>trinitati</span> <span class='ocrx_word' id='word_1_298' title='bbox 1291 4166 1363 4256; x_wconf 86' lang='lat' dir='ltr'>[sol.</span> <span class='ocrx_word' id='word_1_299' title='bbox 1391 4187 1484 4250; x_wconf 86' lang='lat' dir='ltr'>1o4v.</span> 
     </span>
     <span class='ocr_line' id='line_1_40' title="bbox 277 4254 1484 4341; baseline -0.001 -20"><span class='ocrx_word' id='word_1_300' title='bbox 277 4266 375 4341; x_wconf 84' lang='lat' dir='ltr'>grata</span> <span class='ocrx_word' id='word_1_301' title='bbox 396 4265 429 4321; x_wconf 90' lang='lat' dir='ltr'>et</span> <span class='ocrx_word' id='word_1_302' title='bbox 450 4254 685 4339; x_wconf 88' lang='lat' dir='ltr'>acceptabilis.</span> <span class='ocrx_word' id='word_1_303' title='bbox 702 4265 740 4318; x_wconf 90' lang='lat' dir='ltr'>ut</span> <span class='ocrx_word' id='word_1_304' title='bbox 754 4256 843 4319; x_wconf 92' lang='lat' dir='ltr'>hunc</span> <span class='ocrx_word' id='word_1_305' title='bbox 859 4257 1006 4339; x_wconf 90' lang='lat' dir='ltr'>lapidem</span> <span class='ocrx_word' id='word_1_306' title='bbox 1023 4254 1145 4338; x_wconf 84' lang='lat' dir='ltr'>quem⁴</span> <span class='ocrx_word' id='word_1_307' title='bbox 1162 4277 1220 4337; x_wconf 89' lang='lat' dir='ltr'>per</span> <span class='ocrx_word' id='word_1_308' title='bbox 1235 4257 1484 4321; x_wconf 89' lang='lat' dir='ltr'>inuocationem</span> 
     </span>
    </p>
   </div>
   <div class='ocr_carea' id='block_1_12' title="bbox 312 4390 1469 4521">
    <p class='ocr_par' dir='ltr' id='par_1_12' title="bbox 312 4390 1469 4521">
     <span class='ocr_line' id='line_1_41' title="bbox 312 4390 1212 4457; baseline -0.002 -16"><span class='ocrx_word' id='word_1_309' title='bbox 312 4391 320 4422; x_wconf 89' lang='lat'>¹</span> <span class='ocrx_word' id='word_1_310' title='bbox 339 4392 382 4457; x_wconf 78' lang='lat' dir='ltr'>leg.</span> <span class='ocrx_word' id='word_1_311' title='bbox 401 4406 483 4457; x_wconf 84' lang='lat' dir='ltr'>super.</span> <span class='ocrx_word' id='word_1_312' title='bbox 929 4390 1050 4440; x_wconf 83' lang='lat' dir='ltr'>²Added</span> <span class='ocrx_word' id='word_1_313' title='bbox 1061 4392 1143 4441; x_wconf 86' lang='lat' dir='ltr'>above</span> <span class='ocrx_word' id='word_1_314' title='bbox 1153 4391 1212 4440; x_wconf 90' lang='lat' dir='ltr'>line.</span> 
     </span>
     <span class='ocr_line' id='line_1_42' title="bbox 313 4455 1469 4521; baseline 0.001 -15"><span class='ocrx_word' id='word_1_315' title='bbox 313 4455 323 4486; x_wconf 83' lang='lat'>⁸</span> <span class='ocrx_word' id='word_1_316' title='bbox 339 4457 380 4508; x_wconf 79' lang='lat' dir='ltr'>uel</span> <span class='ocrx_word' id='word_1_317' title='bbox 393 4459 472 4507; x_wconf 80' lang='lat' dir='ltr'>altare</span> <span class='ocrx_word' id='word_1_318' title='bbox 487 4455 529 4506; x_wconf 78' lang='lat' dir='ltr'>iac</span> <span class='ocrx_word' id='word_1_319' title='bbox 546 4455 654 4506; x_wconf 84' lang='lat' dir='ltr'>inserted</span> <span class='ocrx_word' id='word_1_320' title='bbox 672 4457 752 4508; x_wconf 81' lang='lat' dir='ltr'>above</span> <span class='ocrx_word' id='word_1_321' title='bbox 769 4455 828 4506; x_wconf 89' lang='lat' dir='ltr'>line.</span> <span class='ocrx_word' id='word_1_322' title='bbox 930 4455 1000 4506; x_wconf 78' lang='lat' dir='ltr'>‘hoc</span> <span class='ocrx_word' id='word_1_323' title='bbox 1015 4457 1095 4505; x_wconf 84' lang='lat' dir='ltr'>altare</span> <span class='ocrx_word' id='word_1_324' title='bbox 1109 4459 1175 4521; x_wconf 82' lang='lat' dir='ltr'>quod</span> <span class='ocrx_word' id='word_1_325' title='bbox 1189 4458 1299 4508; x_wconf 83' lang='lat' dir='ltr'>inserted</span> <span class='ocrx_word' id='word_1_326' title='bbox 1316 4459 1397 4508; x_wconf 85' lang='lat' dir='ltr'>above</span> <span class='ocrx_word' id='word_1_327' title='bbox 1407 4457 1469 4507; x_wconf 83' lang='lat' dir='ltr'>line.</span> 
     </span>
    </p>
   </div>
   <div class='ocr_carea' id='block_1_13' title="bbox 0 0 1692 5250">
    <p class='ocr_par' dir='ltr' id='par_1_13' title="bbox 0 0 1692 5250">
     <span class='ocr_line' id='line_1_43' title="bbox 0 0 1692 5250; baseline 0 1"><span class='ocrx_word' id='word_1_328' title='bbox 0 0 1692 5250; x_wconf 95' lang='lat' dir='ltr'> </span> 
     </span>
    </p>
   </div>
  </div>
 </body>
</html>
