3375 5250
663 397 959 447 RECONCILIATIO
980 399 1071 448 LOCI
1088 399 1206 450 SACRI.

629 600 742 663 Misso
769 598 805 663 in
827 601 1086 665 reconciliatione
1103 602 1238 667 eclesiae.

366 745 458 809 Dum
489 741 718 807 sanctificatus
748 741 841 805 fuero
873 742 907 804 in
937 743 1033 806 uobis
1064 744 1280 825 congregabo
1310 764 1372 809 uos
1395 746 1438 808 de
1461 744 1535 808 uni·

323 832 426 897 uersis
450 831 545 896 terris
575 840 609 895 et
632 830 805 913 effundam
828 850 929 912 super
951 850 1012 893 uos
1035 851 1159 913 aquam
1190 832 1352 895 mundam
1381 841 1415 895 et
1438 850 1536 895 mun·

323 919 484 983 dabimini
516 918 559 982 ab
589 917 746 981 omnibus
782 916 1046 999 inquinamentis
1082 918 1203 981 uestris
1241 928 1276 983 et
1313 919 1404 983 dabo
1435 919 1535 982 uobis

324 1006 479 1091 spiritum
504 1025 640 1069 nouum.
685 1004 745 1069 Ps.
770 1004 976 1067 Benedicam
992 1005 1178 1069 dominum.

392 1206 461 1268 Eas
491 1204 547 1286 qui
578 1202 697 1267 dixisti
729 1202 850 1265 domus
882 1222 958 1267 mea
989 1202 1111 1267 domus
1138 1204 1302 1269 orationis
1329 1206 1533 1272 uocabitur.

433 1292 573 1355 domum
605 1292 704 1354 istam
735 1290 888 1372 gentium
919 1290 972 1353 uel
1000 1291 1219 1355 bachantium
1251 1293 1421 1374 spurcitiis
1451 1314 1530 1357 con-

321 1378 520 1441 taminatam
559 1379 721 1441 mundare
766 1386 801 1439 et
846 1375 1055 1441 sanctificare
1102 1378 1249 1461 digneris
1271 1427 1279 1443 .
1300 1389 1338 1443 ut
1375 1382 1532 1445 omnium

319 1485 433 1548 preces
464 1475 499 1529 et
529 1475 610 1529 uota
644 1464 708 1527 hoc
746 1463 779 1525 in
818 1462 893 1527 loco
931 1465 973 1527 ad
1014 1475 1048 1527 te
1086 1465 1305 1530 clamantium
1343 1466 1529 1533 clementer

318 1552 504 1616 exaudias.
522 1562 557 1616 et
571 1552 718 1634 benigne
733 1550 885 1633 perficias
903 1598 911 1614 .
929 1571 988 1633 per
1005 1551 1193 1618 dominum.

542 1857 652 1920 Lectio
673 1856 755 1919 libri
765 1854 972 1937 ‚apocalipsis
994 1855 1147 1919 iohannis
1167 1858 1310 1940 apostoli.

360 1994 391 2057 N
417 1992 535 2055 diebus
559 1991 647 2055 illis.
664 1972 745 2055 l'lidi
768 1991 941 2054 ciuitatem
965 1968 1120 2053 sanctam
1143 1990 1353 2057 hierusalem.

361 2120 413 2200 Ro.
459 2117 582 2182 Tollite
612 2116 739 2179 hostias
763 2125 797 2179 et
820 2115 956 2179 introite
980 2116 1014 2178 in
1039 2116 1123 2179 atria
1153 2116 1225 2179 eius
1250 2116 1390 2181 adorate
1420 2118 1528 2183 domi·

320 2229 401 2274 num
426 2208 459 2269 in
483 2205 568 2269 atria
585 2204 656 2267 eius
671 2248 679 2267 .
696 2202 794 2280 eius†.
843 2209 875 2285 i.
922 2200 1102 2266 Reuelauit
1124 2204 1281 2266 dominus
1301 2205 1472 2269 condensa
1494 2217 1529 2271 et

318 2299 351 2360 in
375 2292 505 2375 templo
528 2292 599 2354 eius
623 2310 739 2353 omnes
767 2289 880 2353 dicent
910 2290 1061 2372 gloriam.
1106 2289 1262 2355 Alleluia.
1310 2290 1527 2357 Confitemini

318 2382 457 2448 domino
495 2387 529 2441 et
566 2380 721 2441 inuocate
759 2396 882 2440 nomen
917 2378 989 2440 eius
1015 2424 1022 2440 .
1050 2378 1248 2442 annuntiate
1285 2378 1374 2442 inter
1409 2390 1529 2462 gentes

315 2490 418 2553 opera
440 2467 519 2530 eius,

512 2737 688 2821 Sequentia
709 2737 815 2800 sancti
835 2734 998 2818 euangelii
1017 2733 1190 2798 secundum
1213 2736 1327 2799 lucam.

321 2884 388 3008 IN
412 2882 470 2945 illo
493 2889 672 2962 tempore.
695 2876 785 2940 dixit
807 2875 919 2939 ihesus
943 2875 1115 2958 discipulis
1137 2877 1235 2940 suis.
1257 2876 1334 2940 Non
1358 2886 1409 2940 est
1433 2878 1522 2942 enim

399 2968 497 3034 arbor
519 2968 609 3030 bona
632 2983 718 3047 quae
741 2962 821 3027 iacit
849 2963 974 3026 fructus
1004 2962 1142 3026 malos.
1166 2982 1275 3044 neque
1304 2964 1403 3027 arbor
1433 2965 1523 3028 mala

314 3059 439 3124 iaciens
470 3054 614 3117 fructum
646 3052 774 3115 bonum
797 3098 804 3113 .
830 3049 1063 3133 Unaquaeque
1091 3050 1190 3113 arbor
1212 3097 1220 3112 .
1243 3071 1288 3112 ex
1320 3051 1429 3114 fructu
1460 3071 1522 3115 suo

312 3143 553 3228 cognoscitur.
578 3139 698 3219 Neque
722 3138 811 3200 enim
835 3138 878 3199 de
905 3137 1010 3218 spinis
1032 3135 1194 3218 colligunt
1218 3134 1300 3199 ficus
1321 3187 1328 3199 .
1348 3156 1457 3220 neque
1479 3139 1523 3202 de

313 3234 396 3297 rubo
431 3227 640 3293 uindemiant
674 3222 790 3309 [uuam
812 3273 819 3288 .
845 3224 960 3286 Bonus
992 3223 1095 3286 homo
1126 3225 1168 3286 de
1198 3223 1288 3286 bono
1319 3223 1388 3306 [sol.
1427 3241 1516 3305 131v.

310 3321 470 3384 thesauro
496 3314 605 3378 cordis
631 3313 682 3375 sui
710 3311 835 3393 profert
862 3311 1017 3374 bonum.
1041 3319 1076 3372 et
1101 3310 1208 3373 malus
1235 3311 1339 3373 homo
1362 3312 1406 3375 de
1431 3313 1521 3376 malo

309 3409 468 3471 thesauro
501 3401 626 3484 profert
664 3397 819 3462 malum.
845 3398 902 3460 Ex
940 3398 1172 3460 habundantia
1209 3398 1299 3460 enim
1327 3398 1461 3462 cordis.
1482 3420 1519 3463 os

310 3494 486 3577 loquitur.
512 3486 603 3572 Quid
643 3486 732 3549 enim
769 3486 898 3548 uocatis
928 3505 984 3547 me
1013 3484 1150 3546 domine
1189 3482 1352 3549 domine.
1378 3496 1412 3550 et
1450 3506 1518 3550 non

309 3580 420 3645 facitis
444 3595 530 3659 quae
551 3573 650 3639 dico?
684 3571 805 3637 Omnis
830 3572 887 3654 qui
913 3571 1006 3634 uenit
1026 3572 1069 3634 ad
1094 3590 1148 3633 me
1172 3579 1207 3634 et
1230 3573 1325 3635 audit
1350 3592 1519 3636 sermones

311 3674 473 3731 meos.et
497 3663 577 3725 iacit
601 3659 871 3723 eos.ostendam
897 3658 994 3720 uobis
1014 3657 1067 3720 cui
1094 3657 1211 3721 similis
1235 3659 1298 3723 sit.
1315 3657 1441 3724 Similis
1465 3672 1516 3724 est

308 3754 437 3818 homini
461 3747 630 3813 edificanti
650 3747 809 3809 domum.
823 3746 880 3828 qui
903 3745 989 3808 fodit
1010 3745 1044 3806 in
1066 3744 1172 3807 altum
1186 3793 1194 3809 .
1207 3753 1241 3808 et
1263 3747 1376 3828 posuit
1399 3746 1518 3811 funda-

310 3849 425 3906 menta
462 3857 562 3919 super
599 3843 751 3917 petram.
772 3831 997 3896 Inundatione
1027 3841 1140 3895 autem
1172 3831 1282 3895 sacta.
1300 3833 1435 3896 inlisum
1466 3845 1518 3898 est

310 3929 434 3993 flumen
460 3923 575 3988 domui
599 3921 669 3986 illi.
687 3928 722 3983 et
746 3939 813 3982 non
834 3920 946 4001 potuit
966 3939 1041 3982 eam
1069 3939 1226 3984 mouere.
1247 3919 1403 3984 Fundata
1426 3923 1516 3984 enim

305 4025 380 4080 erat
395 4031 494 4095 super
508 4020 647 4093 petram.

355 4204 574 4292 Offertoriuoi.
622 4198 725 4264 Oraui
746 4198 848 4261 deum
868 4216 980 4259 meum
996 4216 1060 4278 ego
1076 4195 1210 4259 danihel
1233 4196 1370 4262 dicens.
1388 4201 1515 4264 exaudi

305 4299 444 4361 domine
471 4309 586 4374 preces
608 4287 697 4350 serui
723 4286 772 4349 tui
800 4284 964 4346 inlumina
990 4284 1109 4347 faciem
1137 4293 1231 4348 tuam
1258 4305 1358 4368 super
1382 4296 1515 4351 sanctu-

305 4385 413 4448 arium
435 4391 531 4444 tuum
555 4386 589 4439 et
612 4373 776 4457 propitius
802 4371 939 4434 intende
970 4370 1131 4452 populum
1159 4371 1261 4434 istum
1287 4393 1388 4455 super
1414 4394 1513 4457 quem

307 4473 499 4535 inuocatum
523 4473 575 4527 est
598 4481 722 4525 nomen
746 4469 841 4523 tuum
866 4459 957 4522 deus.
