3375 5250
519 449 835 498 BENEDICTIONES
855 449 1112 500 EPISCOPALES.

361 655 615 745 [Bananrcrto
639 673 681 724 m
705 675 771 724 ona
794 661 1050 726 Ascensrorus
1075 659 1260 748 cumsan]

205 819 223 902 l
286 819 477 886 Enedicat1
501 843 562 886 uos
585 824 801 905 omnipotens
824 824 909 888 deus
934 823 1047 904 leuius
1074 821 1144 910 [iol.
1170 826 1232 903 283
1262 822 1319 889 fol.
1342 826 1415 888 28v.

328 909 491 974 hodierna
525 911 580 974 die
614 911 805 993 unigenitus
840 911 1008 975 caelorum
1043 910 1113 974 alta
1148 911 1338 994 penetrauit
1354 959 1362 975 .
1378 921 1413 973 et

203 993 299 1058 uobis
323 997 380 1060 ubi
403 995 458 1060 ille
481 1007 532 1062 est
554 998 757 1061 ascendendi
782 999 913 1062 aditum
936 997 1103 1081 patefecit.
1149 998 1269 1063 Amen.

247 1080 419 1147 Concedat
457 1085 645 1167 propitius.
662 1095 699 1149 ut
740 1084 826 1149 sicut
863 1095 941 1167 post
986 1086 1262 1149 resurrectionem
1309 1105 1407 1148 suam

202 1168 374 1251 discipulis
397 1173 489 1235 uisus
512 1182 564 1236 est
587 1172 784 1236 manifestus
801 1221 808 1236 .
825 1173 872 1237 ita
895 1171 993 1237 uobis
1020 1173 1054 1234 in
1084 1172 1247 1236 iudicium
1271 1172 1412 1235 ueniens

201 1255 357 1321 uideatur
379 1257 541 1340 placatus.
586 1259 704 1322 Amen.

245 1341 290 1407 Et
313 1344 370 1426 qui
394 1366 471 1410 eum
494 1348 675 1410 consedere
700 1347 787 1430 patri
818 1347 853 1410 in
883 1367 944 1410 sua
968 1346 1144 1410 maiestate
1170 1345 1331 1410 creditis.
1349 1365 1410 1409 uo·

199 1426 328 1494 biscum
353 1452 488 1497 manere
511 1453 616 1516 usque
646 1434 680 1496 in
711 1433 813 1498 finem
844 1433 967 1498 saeculi
998 1433 1184 1497 secundum
1211 1453 1308 1497 suam
1333 1452 1409 1515 pro·

201 1516 394 1583 missionem
419 1521 580 1585 sentiatis.
626 1519 742 1585 Amen.

244 1603 346 1685 Quod
371 1608 442 1688 ipse
464 1620 612 1690 prestare
635 1608 802 1690 dignetur.

492 1892 692 1956 Donrnucn
715 1905 805 1956 Posr
829 1891 1118 1958 Ascensmuan.

207 2052 522 2178 BEnedictionum
540 2072 675 2117 suarum
695 2072 874 2135 supernos
893 2053 1051 2117 dominus
1073 2052 1215 2118 imbrem
1234 2052 1412 2119 infundat.

305 2149 339 2203 et
381 2139 542 2204 claritatis
584 2160 665 2204 suae
707 2141 882 2204 thesauros
925 2138 1088 2204 caelestes
1127 2141 1224 2205 uobis
1270 2143 1408 2225 aperiat.

200 2227 319 2290 Amen.

245 2314 429 2396 Faciatque
451 2334 512 2378 uos
543 2314 700 2378 dominus
730 2314 820 2380 uitae
851 2324 1008 2380 aeternae
1031 2315 1214 2400 participes
1231 2365 1238 2379 .
1255 2323 1289 2380 et
1316 2315 1410 2397 regui

200 2401 352 2464 caelestis
375 2401 568 2466 coheredes,
612 2403 730 2466 Amen.

247 2487 414 2570 [Dignam
446 2490 480 2552 in
511 2489 606 2552 uobis
636 2490 881 2554 habitationem
904 2491 1041 2573 spiritus
1068 2499 1205 2554 sanctus
1262 2485 1334 2576 [fol.
1359 2506 1410 2568 29.

200 2575 372 2641 inueniat.
386 2585 420 2640 et
447 2576 517 2640 eius
540 2575 686 2659 gloriosa
712 2577 870 2647 maiestas
891 2577 1023 2660 placide
1046 2578 1080 2642 in
1106 2577 1226 2643 uestris
1252 2576 1409 2641 cordibus

200 2662 398 2744 requiescat.
440 2663 559 2729 Amen.
1374 2664 1380 2674 ⁴

245 2749 346 2832 Quod
370 2752 442 2834 ipse
465 2761 614 2834 prestare
636 2752 802 2834 dignetur.

413 3029 651 3095 Bennmcmo
674 3044 716 3093 m
742 3043 893 3095 menan
918 3030 1208 3093 Peurscosran.

206 3191 427 3318 BEnedicat
449 3214 511 3257 uos
534 3192 749 3275 omnipotens
772 3192 881 3257 deus.
897 3191 942 3254 ob
969 3191 1062 3254 cuius
1085 3189 1249 3273 paraclyti
1272 3189 1409 3271 spiritus

304 3280 488 3343 aduentum
519 3289 648 3344 mentes
672 3289 800 3343 uestras
824 3278 938 3342 ieiunii
962 3278 1176 3341 obseruantia
1200 3278 1408 3360 preparatis.

199 3376 234 3427 et
257 3376 446 3446 presentem
470 3368 559 3431 diem
583 3363 803 3450 sollernpnis²
826 3365 981 3429 laudibus
1003 3365 1185 3427 honoratis.
1231 3364 1348 3427 Amen.

245 3452 357 3516 Instar
379 3453 482 3517 modo
505 3463 697 3518 renatorum
722 3453 902 3517 infantium
926 3452 1030 3515 talem
1055 3452 1283 3515 innocentiam
1307 3451 1409 3513 habe-

196 3540 260 3687 atis
277 3586 285 3601 .
302 3550 339 3604 ut
370 3540 535 3623 templum
557 3543 664 3604 sancti
688 3541 824 3623 spiritus
854 3541 928 3623 ipso
955 3539 1124 3604 tribuente
1149 3558 1224 3601 esse
1248 3538 1408 3620 possitis.

234 3647 318 3692 men.

241 3713 359 3797 Atque
382 3715 471 3777 idem
495 3713 631 3796 spiritus
661 3725 798 3779 sanctus
820 3715 869 3777 ita
899 3734 961 3778 uos
987 3713 1089 3777 hodie
1112 3732 1173 3776 sua
1196 3710 1407 3774 habitatione

199 3799 319 3881 dignos
341 3800 484 3867 efficiat.
498 3813 536 3865 ut
558 3821 630 3865 cras
653 3822 689 3865 se
712 3802 832 3865 uestris
852 3801 1021 3864 mentibus
1044 3801 1217 3863 uobiscum
1242 3798 1407 3880 perpetim

196 3887 406 3952 habitaturus
436 3887 657 3953 infundat.et
680 3900 818 3971 peracto
848 3889 1013 3970 presentis
1036 3888 1127 3951 uitae
1153 3886 1316 3951 curriculo
1346 3904 1408 3948 uos

198 3976 241 4036 ad
264 3974 421 4039 caelestia
444 3996 548 4057 regna
571 3977 743 4058 perducat.
787 3976 909 4041 Amen.

242 4060 343 4143 Quod
367 4064 439 4145 ipse
462 4074 610 4143 prestare
633 4063 812 4144 dignetur.
829 4060 952 4126 cuius.⁸

230 4281 237 4308 ¹
256 4279 311 4327 The
324 4278 376 4328 first
394 4280 478 4329 words
496 4278 525 4329 ol
539 4278 590 4329 this
607 4278 770 4328 benediction
787 4294 830 4329 are
847 4278 948 4329 written
967 4280 993 4328 in
1013 4279 1082 4345 gold,
1096 4278 1185 4328 within
1200 4296 1233 4328 an
1252 4278 1410 4329 ornamental

197 4346 298 4473 ϋοξᾱίξέν.
312 4408 504 4473 sollempnibus.

228 4476 238 4504 ³
254 4476 311 4525 'l'he
323 4490 396 4524 verso
408 4476 437 4524 oi
445 4476 490 4525 fol.
505 4489 537 4537 29
548 4476 569 4525 is
585 4475 707 4540 occupied
726 4476 761 4540 by
778 4492 810 4524 an
827 4474 1006 4524 illurnination.
1041 4474 1097 4523 The
1115 4483 1166 4525 text
1183 4492 1217 4525 on
1234 4475 1277 4525 the
1296 4483 1365 4523 recto
1382 4471 1412 4521 of

194 4542 236 4591 fol.
253 4554 285 4603 30
296 4540 317 4589 is
329 4541 430 4591 written
442 4541 469 4589 in
480 4542 551 4606 gold,
565 4541 654 4591 within
666 4557 699 4590 an
711 4541 877 4591 ornamented
889 4542 980 4590 border
992 4541 1017 4589 in
1031 4540 1073 4589 the
1086 4541 1149 4589 form
1162 4542 1192 4591 of
1199 4558 1232 4591 an
1244 4541 1312 4590 arch.
