3375 5250
549 454 805 506 CONSECRATIO
829 456 1075 507 COEMETERII.
1375 471 1418 507 101

476 766 623 833 lucum
645 782 905 835 cousncmmo
928 785 1141 835 cuurrnun.

244 920 415 985 Primitus
437 944 577 1006 namque
590 926 706 1008 presul
723 945 796 988 cum
824 924 896 988 suis
917 925 1089 989 ordinibus
1109 926 1287 991 circumeat
1310 937 1413 991 totum

198 1008 401 1086 cymiterium
423 1022 592 1094 aspergens
614 1011 702 1076 illud
719 1033 805 1094 aqua
832 1012 1014 1077 benedicta.
1038 1013 1139 1076 Hauc
1158 1014 1300 1077 cauendo
1326 1017 1412 1077 anti·

193 1093 338 1174 planam
350 1146 358 1162 .
369 1095 542 1180 Asperges
559 1118 614 1163 me
630 1099 773 1163 domine.
811 1100 869 1164 Ps.
894 1099 1054 1163 Miserere
1070 1100 1135 1163 mei
1152 1101 1244 1165 deus.
1282 1101 1414 1165 Deinde

197 1190 290 1244 stans
304 1182 353 1246 au'
363 1186 549 1250 orientalem
558 1186 697 1270 plagam
713 1187 816 1270 ipsius
832 1187 995 1268 cymiterii
1005 1237 1012 1251 .
1022 1187 1111 1251 duat
1127 1188 1211 1251 leant
1225 1188 1411 1252 orationem.

201 1328 356 1455 lDEus
380 1333 437 1415 qui
467 1354 503 1396 es
534 1334 637 1399 totius
667 1333 758 1399 orbis
784 1334 939 1398 conditor
968 1344 1003 1398 et
1029 1334 1167 1398 humani
1215 1333 1284 1417 [iol.
1316 1351 1408 1419 119v.

329 1420 461 1502 generis
498 1423 714 1504 redemptor.
731 1431 994 1503 cunctarumque
1031 1430 1259 1485 creaturarum
1297 1422 1410 1486 uisibi-

199 1504 280 1568 lium
305 1516 339 1570 et
362 1508 580 1572 inuisibilium
607 1508 774 1592 perfectus
804 1508 986 1591 dispositor
1007 1559 1013 1571 .
1033 1516 1067 1572 te
1098 1508 1241 1591 supplici
1266 1528 1349 1573 uoce
1372 1530 1411 1573 ac

200 1612 284 1674 puro
306 1594 406 1657 corde
427 1596 643 1678 exposcimus
664 1606 702 1660 ut
725 1596 789 1659 hoc
811 1594 1022 1677 cymiterium
1045 1596 1115 1659 siue
1139 1595 1352 1680 poliandrum
1376 1598 1410 1660 in

199 1699 267 1760 quo
305 1681 507 1746 famulorum
545 1682 813 1765 famularumque
851 1693 983 1747 tuarum
1026 1702 1166 1764 corpora
1204 1682 1411 1765 requiescere

199 1767 343 1832 debent.
356 1777 434 1850 post
453 1769 615 1833 curricula
633 1770 732 1834 huius
752 1771 843 1833 uitae
864 1769 1030 1834 labentia.
1044 1769 1251 1840 sanctificare
1266 1788 1410 1853 purgare

198 1863 300 1936 atque
319 1854 516 1920 benedicere
537 1856 704 1940 digneris.
718 1856 853 1941 Quique
869 1866 1085 1938 peccatorum
1104 1856 1335 1920 remissionem
1350 1877 1411 1939 per

197 1950 291 2004 tuam
323 1962 481 2026 magnam
506 1943 767 2008 misericordiam
792 1945 825 2007 in
854 1952 888 2008 te
915 1942 1097 2007 fidentibus
1123 1944 1321 2025 prestitisti.
1339 1965 1410 2008 cor-

199 2028 336 2110 poribus
363 2050 443 2093 uero
465 2051 581 2094 eorum
609 2032 642 2094 in
666 2031 732 2095 hoc
755 2030 930 2114 cymiterio
952 2030 1221 2112 quiescentibus.
1235 2040 1269 2095 et
1291 2031 1408 2095 tubam

198 2116 295 2195 primi
320 2116 510 2200 archangeli
540 2118 594 2182 hic
622 2119 882 2202 expectantibus
913 2117 1179 2182 consolationem
1210 2127 1408 2200 perpetuam

198 2201 335 2284 largitor
358 2204 539 2287 inpertire.
557 2225 625 2288 per.

511 2444 628 2509 Oratio
649 2444 698 2507 ad
715 2443 938 2508 occidentalem
954 2443 1102 2527 plagam.

266 2596 389 2663 Omine
421 2605 517 2681 pater
547 2597 786 2682 omnipotens.
805 2596 894 2661 trina
926 2597 1084 2662 maiestas
1114 2606 1149 2661 et
1176 2618 1243 2661 una
1274 2598 1404 2663 deitas.

308 2694 403 2767 pater
432 2697 467 2750 et
498 2684 585 2750 filius
601 2735 608 2751 .
626 2705 731 2750 necne
764 2685 903 2766 spiritus
925 2694 1070 2749 sanctus
1085 2735 1092 2749 .
1109 2685 1235 2764 iustitie
1266 2696 1404 2751 auctor.

196 2771 294 2848 uenie
316 2772 477 2855 largitor.
493 2772 657 2837 bonorum
681 2773 802 2836 dator.
819 2771 1008 2836 sanctitatis
1029 2773 1146 2855 origo.
1164 2772 1403 2838 charismatum

194 2855 412 2923 distributor.
429 2860 648 2941 omniumque
693 2859 738 2922 ad
779 2869 812 2923 te
860 2860 1067 2923 uenientium
1116 2859 1191 2941 pius
1229 2870 1404 2943 receptor.

195 2955 307 3023 presta
327 2946 491 3029 propitius
510 2957 548 3011 ut
565 2946 630 3010 hoc
649 2945 861 3029 cymiterium
885 2946 919 3008 in
941 2947 1068 3010 honore
1087 2946 1233 3010 nominis
1256 2947 1305 3011 tui
1324 2968 1402 3012 con-

194 3033 342 3112 positum
360 3032 511 3097 benedici
528 3043 562 3097 et
577 3033 777 3098 sanctificari
793 3034 979 3099 concedas.
993 3032 1060 3116 Qui
1076 3032 1217 3118 abralhe
1241 3033 1310 3116 [sol.
1332 3051 1401 3098 120.

194 3119 295 3183 beato
324 3120 513 3202 patriarche
545 3120 672 3184 famulo
702 3131 825 3185 terram
857 3142 878 3184 a
909 3120 985 3183 filiis
1016 3119 1144 3184 hebron
1179 3131 1398 3204 conparatam

193 3225 294 3270 causa
323 3209 515 3292 sepulturae
545 3207 749 3272 benedixisti
766 3254 774 3271 .
790 3217 825 3272 et
848 3208 906 3289 qui
937 3206 1063 3290 populo
1090 3207 1294 3272 israhelitico
1324 3229 1400 3290 pro·
1469 3202 1473 3211 “

194 3293 362 3359 missionis
393 3294 546 3359 tellurem
578 3295 611 3359 iu
643 3315 707 3373 euo
738 3294 917 3358 durantem
948 3294 1142 3358 concessisti
1166 3343 1173 3358 .
1197 3294 1399 3358 famulorum

191 3379 462 3464 famularumque
503 3391 637 3446 tuarum
679 3381 876 3465 corporibus
917 3381 951 3444 in
994 3382 1059 3444 hoc
1096 3381 1309 3463 cymiterium
1351 3383 1401 3446 in·

191 3468 357 3532 trantibus
389 3469 512 3551 quietis
542 3469 660 3533 sedern
691 3469 734 3532 ab
765 3468 858 3531 omni
890 3467 1078 3532 incursione
1110 3468 1276 3532 malorum
1304 3469 1400 3552 spiri-

189 3564 286 3618 tuum
316 3556 459 3620 tutelam
489 3556 654 3639 benignus
685 3556 824 3639 largitor
854 3555 1012 3619 tribuas.
1034 3563 1071 3618 ut
1102 3565 1180 3637 post
1210 3556 1398 3620 animarum

190 3662 434 3726 corporumque
469 3644 743 3708 resurrectionem
778 3644 1005 3707 coadunatam
1039 3651 1074 3705 te
1108 3643 1257 3707 donante
1295 3655 1398 3725 atque

190 3732 395 3794 concedente
425 3731 670 3795 beatitudinem
702 3730 941 3813 sempiternam
980 3729 1151 3812 percipere
1184 3740 1396 3796 mereantur.

189 3836 249 3897 per
271 3816 455 3883 dominum.

525 4037 641 4103 Oratio
663 4035 713 4101 ad
730 4035 909 4100 australem
927 4035 1073 4117 plagam.

193 4173 381 4300 DOmine
401 4175 483 4238 deus
504 4184 619 4258 pastor
637 4182 773 4238 eternae
793 4171 920 4254 gloriae
933 4171 998 4262 lux
1015 4179 1049 4234 et
1064 4170 1175 4257 honor
1194 4172 1399 4254 sapientiae.

300 4272 413 4326 custos
443 4272 478 4326 et
509 4261 605 4344 uigor
640 4260 817 4344 prudentie
835 4309 842 4324 .
859 4258 949 4321 salus
979 4258 1206 4340 egrotantium
1222 4307 1230 4323 .
1247 4259 1399 4325 ualitudo

187 4350 404 4430 potentium.
424 4359 607 4413 mestorum
642 4348 793 4411 solamen
811 4396 818 4410 .
834 4345 906 4410 uita
940 4345 1128 4409 iustorum.
1149 4344 1256 4426 gloria
1289 4347 1398 4410 humi-

186 4437 269 4498 lium
285 4484 293 4500 .
309 4445 345 4500 te
367 4435 560 4518 flagitamus
584 4445 622 4499 ut
644 4436 708 4499 hoc
740 4443 933 4497 sanctorum
957 4443 1092 4497 tuorum
1120 4432 1331 4514 cymiterium
1355 4433 1399 4497 ab

187 4524 280 4586 omni
292 4523 473 4607 spurcitiae
485 4522 742 4604 inquinamento
754 4520 931 4606 spirituum
949 4520 1400 4585 inmundorumcustodire.
