<?xml version="1.0" encoding="UTF-8"?>
<!DOCTYPE html PUBLIC "-//W3C//DTD XHTML 1.0 Transitional//EN"
    "http://www.w3.org/TR/xhtml1/DTD/xhtml1-transitional.dtd">
<html xmlns="http://www.w3.org/1999/xhtml" xml:lang="en" lang="en">
 <head>
  <title>
</title>
<meta http-equiv="Content-Type" content="text/html;charset=utf-8" />
  <meta name='ocr-system' content='tesseract 3.04.00' />
  <meta name='ocr-capabilities' content='ocr_page ocr_carea ocr_par ocr_line ocrx_word'/>
</head>
<body>
  <div class='ocr_page' id='page_1' title='image "benedictionalar00munigoog_0113.png"; bbox 0 0 3375 5250; ppageno 0'>
   <div class='ocr_carea' id='block_1_1' title="bbox 572 377 1068 428">
    <p class='ocr_par' dir='ltr' id='par_1_1' title="bbox 572 377 1068 428">
     <span class='ocr_line' id='line_1_1' title="bbox 572 377 1068 428; baseline 0.002 -2"><span class='ocrx_word' id='word_1_1' title='bbox 572 378 828 428; x_wconf 82' lang='lat' dir='ltr'><em>CONSECRATIO</em></span> <span class='ocrx_word' id='word_1_2' title='bbox 850 377 1068 427; x_wconf 82' lang='lat' dir='ltr'><em>ECCLESIAE.</em></span> 
     </span>
    </p>
   </div>
   <div class='ocr_carea' id='block_1_2' title="bbox 324 1217 1428 1373">
    <p class='ocr_par' dir='ltr' id='par_1_2' title="bbox 324 1217 1428 1373">
     <span class='ocr_line' id='line_1_2' title="bbox 324 1217 1428 1303; baseline -0.002 -21"><span class='ocrx_word' id='word_1_3' title='bbox 324 1219 489 1303; x_wconf 76' lang='lat' dir='ltr'><strong>slucnur</strong></span> <span class='ocrx_word' id='word_1_4' title='bbox 513 1232 617 1286; x_wconf 82' lang='lat' dir='ltr'><strong>onoo</strong></span> <span class='ocrx_word' id='word_1_5' title='bbox 640 1234 835 1299; x_wconf 75' lang='lat' dir='ltr'><strong>Qunurran</strong></span> <span class='ocrx_word' id='word_1_6' title='bbox 859 1233 990 1285; x_wconf 82' lang='lat' dir='ltr'><strong>nonus</strong></span> <span class='ocrx_word' id='word_1_7' title='bbox 1013 1232 1078 1282; x_wconf 83' lang='lat' dir='ltr'><strong>nm</strong></span> <span class='ocrx_word' id='word_1_8' title='bbox 1102 1231 1235 1284; x_wconf 76' lang='lat' dir='ltr'><strong>conss:-</strong></span> <span class='ocrx_word' id='word_1_9' title='bbox 1282 1217 1351 1301; x_wconf 80' lang='lat' dir='ltr'><strong>[iol.</strong></span> <span class='ocrx_word' id='word_1_10' title='bbox 1375 1232 1428 1298; x_wconf 87' lang='lat'><strong>95.</strong></span> 
     </span>
     <span class='ocr_line' id='line_1_3' title="bbox 691 1306 962 1373; baseline -0.007 0"><span class='ocrx_word' id='word_1_11' title='bbox 691 1321 849 1373; x_wconf 76' lang='lat' dir='ltr'><strong>cunum</strong></span> <span class='ocrx_word' id='word_1_12' title='bbox 872 1306 962 1371; x_wconf 79' lang='lat' dir='ltr'><strong>ass.l</strong></span> 
     </span>
    </p>
   </div>
   <div class='ocr_carea' id='block_1_3' title="bbox 220 1444 1431 1789">
    <p class='ocr_par' dir='ltr' id='par_1_3' title="bbox 220 1444 1431 1789">
     <span class='ocr_line' id='line_1_4' title="bbox 221 1444 1430 1573; baseline -0.002 -64"><span class='ocrx_word' id='word_1_13' title='bbox 221 1446 447 1573; x_wconf 70' lang='lat' dir='ltr'><strong>PRimitus</strong></span> <span class='ocrx_word' id='word_1_14' title='bbox 465 1446 552 1510; x_wconf 85' lang='lat' dir='ltr'><strong>enim</strong></span> <span class='ocrx_word' id='word_1_15' title='bbox 570 1444 718 1509; x_wconf 84' lang='lat' dir='ltr'><strong>conuenit</strong></span> <span class='ocrx_word' id='word_1_16' title='bbox 734 1456 771 1508; x_wconf 87' lang='lat' dir='ltr'><strong>ut</strong></span> <span class='ocrx_word' id='word_1_17' title='bbox 789 1444 908 1527; x_wconf 80' lang='lat' dir='ltr'><em>presul</em></span> <span class='ocrx_word' id='word_1_18' title='bbox 923 1456 955 1508; x_wconf 87' lang='lat' dir='ltr'><strong>et</strong></span> <span class='ocrx_word' id='word_1_19' title='bbox 969 1446 1065 1509; x_wconf 84' lang='lat' dir='ltr'><strong>ceteri</strong></span> <span class='ocrx_word' id='word_1_20' title='bbox 1082 1444 1233 1508; x_wconf 83' lang='lat' dir='ltr'><strong>ministri</strong></span> <span class='ocrx_word' id='word_1_21' title='bbox 1252 1444 1359 1527; x_wconf 66' lang='lat' dir='ltr'><strong>eclesie</strong></span> <span class='ocrx_word' id='word_1_22' title='bbox 1379 1445 1430 1507; x_wconf 88' lang='lat' dir='ltr'><strong>in-</strong></span> 
     </span>
     <span class='ocr_line' id='line_1_5' title="bbox 331 1532 1429 1614; baseline -0.001 -19"><span class='ocrx_word' id='word_1_23' title='bbox 331 1534 437 1597; x_wconf 83' lang='lat' dir='ltr'><strong>duant</strong></span> <span class='ocrx_word' id='word_1_24' title='bbox 464 1554 499 1597; x_wconf 91' lang='lat' dir='ltr'><strong>se</strong></span> <span class='ocrx_word' id='word_1_25' title='bbox 524 1532 725 1596; x_wconf 83' lang='lat' dir='ltr'><strong>uestimentis</strong></span> <span class='ocrx_word' id='word_1_26' title='bbox 749 1532 873 1596; x_wconf 81' lang='lat' dir='ltr'><strong>saeris.</strong></span> <span class='ocrx_word' id='word_1_27' title='bbox 889 1553 961 1595; x_wconf 81' lang='lat' dir='ltr'><strong>crem</strong></span> <span class='ocrx_word' id='word_1_28' title='bbox 988 1532 1104 1614; x_wconf 80' lang='lat' dir='ltr'><strong>quibus</strong></span> <span class='ocrx_word' id='word_1_29' title='bbox 1128 1532 1282 1595; x_wconf 84' lang='lat' dir='ltr'><strong>diuinum</strong></span> <span class='ocrx_word' id='word_1_30' title='bbox 1313 1533 1429 1595; x_wconf 85' lang='lat' dir='ltr'><strong>minis-</strong></span> 
     </span>
     <span class='ocr_line' id='line_1_6' title="bbox 220 1620 1431 1703; baseline 0 -20"><span class='ocrx_word' id='word_1_31' title='bbox 220 1621 340 1685; x_wconf 79' lang='lat' dir='ltr'><strong>terium</strong></span> <span class='ocrx_word' id='word_1_32' title='bbox 370 1621 547 1703; x_wconf 83' lang='lat' dir='ltr'><strong>adimplere</strong></span> <span class='ocrx_word' id='word_1_33' title='bbox 573 1620 682 1684; x_wconf 84' lang='lat' dir='ltr'><strong>debent</strong></span> <span class='ocrx_word' id='word_1_34' title='bbox 697 1670 702 1682; x_wconf 95' lang='lat'><strong>.</strong></span> <span class='ocrx_word' id='word_1_35' title='bbox 719 1628 751 1682; x_wconf 90' lang='lat' dir='ltr'><strong>et</strong></span> <span class='ocrx_word' id='word_1_36' title='bbox 770 1620 906 1682; x_wconf 85' lang='lat' dir='ltr'><strong>ueniant</strong></span> <span class='ocrx_word' id='word_1_37' title='bbox 933 1631 1009 1682; x_wconf 81' lang='lat' dir='ltr'><strong>ante</strong></span> <span class='ocrx_word' id='word_1_38' title='bbox 1036 1621 1155 1683; x_wconf 83' lang='lat' dir='ltr'><strong>estium</strong></span> <span class='ocrx_word' id='word_1_39' title='bbox 1185 1620 1332 1683; x_wconf 84' lang='lat' dir='ltr'><strong>eclesiae.</strong></span> <span class='ocrx_word' id='word_1_40' title='bbox 1349 1639 1431 1701; x_wconf 85' lang='lat' dir='ltr'><strong>quae</strong></span> 
     </span>
     <span class='ocr_line' id='line_1_7' title="bbox 222 1707 904 1789; baseline 0 -18"><span class='ocrx_word' id='word_1_41' title='bbox 222 1707 401 1772; x_wconf 86' lang='lat' dir='ltr'><strong>dedicanda</strong></span> <span class='ocrx_word' id='word_1_42' title='bbox 423 1718 489 1772; x_wconf 86' lang='lat' dir='ltr'><strong>est.</strong></span> <span class='ocrx_word' id='word_1_43' title='bbox 506 1707 665 1772; x_wconf 83' lang='lat' dir='ltr'><strong>cantando</strong></span> <span class='ocrx_word' id='word_1_44' title='bbox 686 1707 904 1789; x_wconf 72' lang='lat' dir='ltr'><strong>antiphonam.</strong></span> 
     </span>
    </p>
   </div>
   <div class='ocr_carea' id='block_1_4' title="bbox 220 1891 1428 2219">
    <p class='ocr_par' dir='ltr' id='par_1_4' title="bbox 220 1891 1428 2219">
     <span class='ocr_line' id='line_1_8' title="bbox 222 1891 1428 2019; baseline 0.001 -64"><span class='ocrx_word' id='word_1_45' title='bbox 222 1893 417 2019; x_wconf 76' lang='lat' dir='ltr'><strong>*ZAchee</strong></span> <span class='ocrx_word' id='word_1_46' title='bbox 440 1892 600 1957; x_wconf 89' lang='lat' dir='ltr'><strong>festinans</strong></span> <span class='ocrx_word' id='word_1_47' title='bbox 619 1892 790 1993; x_wconf 71' lang='lat' dir='ltr'><strong>descende¹</strong></span> <span class='ocrx_word' id='word_1_48' title='bbox 805 1893 884 1974; x_wconf 88' lang='lat' dir='ltr'><strong>quia</strong></span> <span class='ocrx_word' id='word_1_49' title='bbox 906 1891 1007 1954; x_wconf 90' lang='lat' dir='ltr'><strong>hodie</strong></span> <span class='ocrx_word' id='word_1_50' title='bbox 1030 1893 1063 1993; x_wconf 85' lang='lat' dir='ltr'><strong>in</strong></span> <span class='ocrx_word' id='word_1_51' title='bbox 1087 1893 1190 1956; x_wconf 91' lang='lat' dir='ltr'><strong>domo</strong></span> <span class='ocrx_word' id='word_1_52' title='bbox 1211 1901 1270 1955; x_wconf 92' lang='lat' dir='ltr'><strong>tua</strong></span> <span class='ocrx_word' id='word_1_53' title='bbox 1292 1901 1428 1975; x_wconf 90' lang='lat' dir='ltr'>oportet</span> 
     </span>
     <span class='ocr_line' id='line_1_9' title="bbox 345 1978 1427 2061; baseline 0.001 -18"><span class='ocrx_word' id='word_1_54' title='bbox 345 2001 399 2044; x_wconf 93' lang='lat' dir='ltr'><strong>me</strong></span> <span class='ocrx_word' id='word_1_55' title='bbox 418 2000 571 2043; x_wconf 88' lang='lat' dir='ltr'><strong>manere.</strong></span> <span class='ocrx_word' id='word_1_56' title='bbox 585 1990 620 2043; x_wconf 92' lang='lat' dir='ltr'><strong>at</strong></span> <span class='ocrx_word' id='word_1_57' title='bbox 642 1980 697 2042; x_wconf 82' lang='lat' dir='ltr'><strong>ille</strong></span> <span class='ocrx_word' id='word_1_58' title='bbox 718 1978 879 2042; x_wconf 79' lang='lat' dir='ltr'><strong>festinans</strong></span> <span class='ocrx_word' id='word_1_59' title='bbox 903 1978 1094 2043; x_wconf 83' lang='lat' dir='ltr'><strong>descendit.</strong></span> <span class='ocrx_word' id='word_1_60' title='bbox 1108 1990 1142 2043; x_wconf 92' lang='lat' dir='ltr'><strong>et</strong></span> <span class='ocrx_word' id='word_1_61' title='bbox 1162 1981 1310 2061; x_wconf 87' lang='lat' dir='ltr'>suscepit</span> <span class='ocrx_word' id='word_1_62' title='bbox 1333 1980 1427 2044; x_wconf 91' lang='lat' dir='ltr'><strong>illum</strong></span> 
     </span>
     <span class='ocr_line' id='line_1_10' title="bbox 220 2066 1426 2219; baseline -0.002 -88"><span class='ocrx_word' id='word_1_63' title='bbox 220 2068 553 2219; x_wconf 55' lang='lat' dir='ltr'><strong>gptuqelzlnequriqpomo</strong></span> <span class='ocrx_word' id='word_1_64' title='bbox 576 2088 637 2130; x_wconf 90' lang='lat' dir='ltr'><strong>sua</strong></span> <span class='ocrx_word' id='word_1_65' title='bbox 668 2067 768 2130; x_wconf 90' lang='lat' dir='ltr'><strong>hodie</strong></span> <span class='ocrx_word' id='word_1_66' title='bbox 787 2066 864 2129; x_wconf 92' lang='lat' dir='ltr'><strong>huic</strong></span> <span class='ocrx_word' id='word_1_67' title='bbox 885 2066 999 2129; x_wconf 90' lang='lat' dir='ltr'><strong>domui</strong></span> <span class='ocrx_word' id='word_1_68' title='bbox 1021 2066 1111 2129; x_wconf 90' lang='lat' dir='ltr'><strong>salus</strong></span> <span class='ocrx_word' id='word_1_69' title='bbox 1133 2087 1154 2129; x_wconf 90' lang='lat' dir='ltr'><strong>a</strong></span> <span class='ocrx_word' id='word_1_70' title='bbox 1175 2068 1313 2129; x_wconf 90' lang='lat' dir='ltr'><strong>domino</strong></span> <span class='ocrx_word' id='word_1_71' title='bbox 1337 2067 1426 2131; x_wconf 86' lang='lat' dir='ltr'><strong>facta</strong></span> 
     </span>
    </p>
   </div>
   <div class='ocr_carea' id='block_1_5' title="bbox 417 2341 1237 2427">
    <p class='ocr_par' dir='ltr' id='par_1_5' title="bbox 417 2341 1237 2427">
     <span class='ocr_line' id='line_1_11' title="bbox 417 2341 1237 2427; baseline 0 -22"><span class='ocrx_word' id='word_1_72' title='bbox 417 2344 491 2423; x_wconf 84' lang='lat' dir='ltr'><strong>Qua</strong></span> <span class='ocrx_word' id='word_1_73' title='bbox 506 2344 612 2427; x_wconf 86' lang='lat' dir='ltr'><strong>finita</strong></span> <span class='ocrx_word' id='word_1_74' title='bbox 634 2392 641 2407; x_wconf 96' lang='lat'><strong>.</strong></span> <span class='ocrx_word' id='word_1_75' title='bbox 666 2342 797 2405; x_wconf 75' lang='lat' dir='ltr'><strong>dicatur</strong></span> <span class='ocrx_word' id='word_1_76' title='bbox 818 2363 839 2403; x_wconf 87' lang='lat' dir='ltr'><em>a</em></span> <span class='ocrx_word' id='word_1_77' title='bbox 856 2341 1009 2425; x_wconf 85' lang='lat' dir='ltr'><strong>pontifice</strong></span> <span class='ocrx_word' id='word_1_78' title='bbox 1027 2341 1104 2404; x_wconf 80' lang='lat' dir='ltr'><strong>daec</strong></span> <span class='ocrx_word' id='word_1_79' title='bbox 1124 2342 1237 2405; x_wconf 81' lang='lat' dir='ltr'><strong>oratio.</strong></span> 
     </span>
    </p>
   </div>
   <div class='ocr_carea' id='block_1_6' title="bbox 222 2478 1483 2896">
    <p class='ocr_par' dir='ltr' id='par_1_6' title="bbox 222 2478 1483 2896">
     <span class='ocr_line' id='line_1_12' title="bbox 225 2478 1430 2607; baseline -0.004 -60"><span class='ocrx_word' id='word_1_80' title='bbox 225 2482 428 2607; x_wconf 74' lang='lat' dir='ltr'>Actiones</span> <span class='ocrx_word' id='word_1_81' title='bbox 459 2492 589 2545; x_wconf 91' lang='lat' dir='ltr'><strong>nostras</strong></span> <span class='ocrx_word' id='word_1_82' title='bbox 613 2500 794 2563; x_wconf 90' lang='lat' dir='ltr'><strong>quesumus</strong></span> <span class='ocrx_word' id='word_1_83' title='bbox 826 2480 963 2543; x_wconf 90' lang='lat' dir='ltr'><strong>domine</strong></span> <span class='ocrx_word' id='word_1_84' title='bbox 993 2489 1027 2542; x_wconf 90' lang='lat' dir='ltr'><strong>et</strong></span> <span class='ocrx_word' id='word_1_85' title='bbox 1058 2478 1238 2559; x_wconf 88' lang='lat' dir='ltr'><strong>aspirando</strong></span> <span class='ocrx_word' id='word_1_86' title='bbox 1268 2479 1430 2561; x_wconf 88' lang='lat' dir='ltr'><strong>preueni.</strong></span> 
     </span>
     <span class='ocr_line' id='line_1_13' title="bbox 332 2566 1432 2650; baseline -0.002 -18"><span class='ocrx_word' id='word_1_87' title='bbox 332 2579 366 2633; x_wconf 91' lang='lat' dir='ltr'><strong>et</strong></span> <span class='ocrx_word' id='word_1_88' title='bbox 404 2570 597 2634; x_wconf 86' lang='lat' dir='ltr'><strong>adiuuando</strong></span> <span class='ocrx_word' id='word_1_89' title='bbox 640 2586 841 2650; x_wconf 84' lang='lat' dir='ltr'><strong>prosequere</strong></span> <span class='ocrx_word' id='word_1_90' title='bbox 868 2616 874 2632; x_wconf 95' lang='lat'><strong>.</strong></span> <span class='ocrx_word' id='word_1_91' title='bbox 903 2576 940 2629; x_wconf 91' lang='lat' dir='ltr'><strong>ut</strong></span> <span class='ocrx_word' id='word_1_92' title='bbox 978 2567 1221 2630; x_wconf 89' lang='lat' dir='ltr'><strong>interueniente</strong></span> <span class='ocrx_word' id='word_1_93' title='bbox 1260 2566 1360 2630; x_wconf 87' lang='lat' dir='ltr'><strong>beata</strong></span> <span class='ocrx_word' id='word_1_94' title='bbox 1398 2577 1432 2630; x_wconf 89' lang='lat' dir='ltr'><strong>et</strong></span> 
     </span>
     <span class='ocr_line' id='line_1_14' title="bbox 223 2653 1431 2740; baseline -0.003 -20"><span class='ocrx_word' id='word_1_95' title='bbox 223 2657 371 2740; x_wconf 87' lang='lat' dir='ltr'><strong>gloriosa</strong></span> <span class='ocrx_word' id='word_1_96' title='bbox 393 2677 593 2740; x_wconf 88' lang='lat' dir='ltr'><strong>semperque</strong></span> <span class='ocrx_word' id='word_1_97' title='bbox 616 2656 745 2737; x_wconf 89' lang='lat' dir='ltr'><strong>uirgine</strong></span> <span class='ocrx_word' id='word_1_98' title='bbox 768 2655 822 2718; x_wconf 91' lang='lat' dir='ltr'><strong>dei</strong></span> <span class='ocrx_word' id='word_1_99' title='bbox 846 2656 1007 2736; x_wconf 80' lang='lat' dir='ltr'><strong>genitrice</strong></span> <span class='ocrx_word' id='word_1_100' title='bbox 1032 2653 1136 2716; x_wconf 87' lang='lat' dir='ltr'><strong>maria</strong></span> <span class='ocrx_word' id='word_1_101' title='bbox 1152 2704 1158 2717; x_wconf 98' lang='lat'><strong>.</strong></span> <span class='ocrx_word' id='word_1_102' title='bbox 1173 2663 1295 2718; x_wconf 90' lang='lat' dir='ltr'><strong>cuncta</strong></span> <span class='ocrx_word' id='word_1_103' title='bbox 1317 2664 1431 2718; x_wconf 87' lang='lat' dir='ltr'><strong>nostra</strong></span> 
     </span>
     <span class='ocr_line' id='line_1_15' title="bbox 224 2741 1432 2827; baseline -0.003 -20"><span class='ocrx_word' id='word_1_104' title='bbox 224 2747 376 2827; x_wconf 89' lang='lat' dir='ltr'><strong>operatio</strong></span> <span class='ocrx_word' id='word_1_105' title='bbox 399 2753 433 2808; x_wconf 88' lang='lat' dir='ltr'><strong>et</strong></span> <span class='ocrx_word' id='word_1_106' title='bbox 455 2766 475 2808; x_wconf 88' lang='lat' dir='ltr'><strong>a</strong></span> <span class='ocrx_word' id='word_1_107' title='bbox 499 2755 532 2808; x_wconf 94' lang='lat' dir='ltr'><strong>te</strong></span> <span class='ocrx_word' id='word_1_108' title='bbox 556 2763 688 2825; x_wconf 90' lang='lat' dir='ltr'><strong>semper</strong></span> <span class='ocrx_word' id='word_1_109' title='bbox 710 2743 867 2824; x_wconf 87' lang='lat' dir='ltr'><strong>incipiat.</strong></span> <span class='ocrx_word' id='word_1_110' title='bbox 881 2756 915 2805; x_wconf 92' lang='lat' dir='ltr'><strong>et</strong></span> <span class='ocrx_word' id='word_1_111' title='bbox 939 2761 998 2824; x_wconf 90' lang='lat' dir='ltr'><strong>per</strong></span> <span class='ocrx_word' id='word_1_112' title='bbox 1020 2756 1054 2805; x_wconf 88' lang='lat' dir='ltr'><strong>te</strong></span> <span class='ocrx_word' id='word_1_113' title='bbox 1077 2756 1175 2822; x_wconf 87' lang='lat' dir='ltr'><strong>cepta</strong></span> <span class='ocrx_word' id='word_1_114' title='bbox 1199 2741 1355 2806; x_wconf 88' lang='lat' dir='ltr'><strong>finiatur.</strong></span> <span class='ocrx_word' id='word_1_115' title='bbox 1373 2761 1432 2824; x_wconf 89' lang='lat' dir='ltr'><strong>per</strong></span> 
     </span>
     <span class='ocr_line' id='line_1_16' title="bbox 222 2833 1483 2896; baseline 0.001 -2"><span class='ocrx_word' id='word_1_116' title='bbox 222 2833 408 2896; x_wconf 89' lang='lat' dir='ltr'><strong>dominum.</strong></span> <span class='ocrx_word' id='word_1_117' title='bbox 1481 2839 1483 2843; x_wconf 81' lang='grc'>’</span> 
     </span>
    </p>
   </div>
   <div class='ocr_carea' id='block_1_7' title="bbox 730 3001 914 3064">
    <p class='ocr_par' dir='ltr' id='par_1_7' title="bbox 730 3001 914 3064">
     <span class='ocr_line' id='line_1_17' title="bbox 730 3001 914 3064; baseline 0.011 -2"><span class='ocrx_word' id='word_1_118' title='bbox 730 3001 812 3064; x_wconf 87' lang='lat' dir='ltr'><strong>Item</strong></span> <span class='ocrx_word' id='word_1_119' title='bbox 835 3001 914 3064; x_wconf 85' lang='lat' dir='ltr'><strong>alia.</strong></span> 
     </span>
    </p>
   </div>
   <div class='ocr_carea' id='block_1_8' title="bbox 224 3133 1432 3394">
    <p class='ocr_par' dir='ltr' id='par_1_8' title="bbox 224 3133 1432 3394">
     <span class='ocr_line' id='line_1_18' title="bbox 232 3133 1432 3261; baseline 0.003 -64"><span class='ocrx_word' id='word_1_120' title='bbox 232 3133 368 3261; x_wconf 85' lang='lat' dir='ltr'><strong>DEus</strong></span> <span class='ocrx_word' id='word_1_121' title='bbox 399 3136 456 3217; x_wconf 91' lang='lat' dir='ltr'><strong>qui</strong></span> <span class='ocrx_word' id='word_1_122' title='bbox 487 3156 548 3198; x_wconf 91' lang='lat' dir='ltr'><strong>nos</strong></span> <span class='ocrx_word' id='word_1_123' title='bbox 583 3147 734 3218; x_wconf 84' lang='lat' dir='ltr'><strong>pastores</strong></span> <span class='ocrx_word' id='word_1_124' title='bbox 767 3139 801 3200; x_wconf 93' lang='lat' dir='ltr'><strong>in</strong></span> <span class='ocrx_word' id='word_1_125' title='bbox 836 3137 964 3220; x_wconf 92' lang='lat' dir='ltr'><strong>populo</strong></span> <span class='ocrx_word' id='word_1_126' title='bbox 996 3138 1109 3200; x_wconf 89' lang='lat' dir='ltr'><strong>uocari</strong></span> <span class='ocrx_word' id='word_1_127' title='bbox 1143 3136 1278 3201; x_wconf 90' lang='lat' dir='ltr'><strong>uoluisti</strong></span> <span class='ocrx_word' id='word_1_128' title='bbox 1294 3183 1303 3201; x_wconf 90' lang='lat'><strong>.</strong></span> <span class='ocrx_word' id='word_1_129' title='bbox 1319 3147 1432 3219; x_wconf 89' lang='lat' dir='ltr'><strong>presta</strong></span> 
     </span>
     <span class='ocr_line' id='line_1_19' title="bbox 339 3224 1430 3307; baseline 0.001 -21"><span class='ocrx_word' id='word_1_130' title='bbox 339 3242 521 3303; x_wconf 90' lang='lat' dir='ltr'><strong>quesumus</strong></span> <span class='ocrx_word' id='word_1_131' title='bbox 556 3234 593 3287; x_wconf 93' lang='lat' dir='ltr'><strong>ut</strong></span> <span class='ocrx_word' id='word_1_132' title='bbox 626 3224 690 3287; x_wconf 92' lang='lat' dir='ltr'><strong>hoc</strong></span> <span class='ocrx_word' id='word_1_133' title='bbox 722 3227 812 3307; x_wconf 92' lang='lat' dir='ltr'><strong>quod</strong></span> <span class='ocrx_word' id='word_1_134' title='bbox 848 3225 996 3288; x_wconf 89' lang='lat' dir='ltr'><strong>humano</strong></span> <span class='ocrx_word' id='word_1_135' title='bbox 1031 3244 1087 3287; x_wconf 90' lang='lat' dir='ltr'><strong>ore</strong></span> <span class='ocrx_word' id='word_1_136' title='bbox 1121 3225 1264 3288; x_wconf 90' lang='lat' dir='ltr'><strong>dicimur</strong></span> <span class='ocrx_word' id='word_1_137' title='bbox 1297 3227 1331 3287; x_wconf 91' lang='lat' dir='ltr'><strong>in</strong></span> <span class='ocrx_word' id='word_1_138' title='bbox 1363 3226 1430 3288; x_wconf 86' lang='lat' dir='ltr'><strong>tuis</strong></span> 
     </span>
     <span class='ocr_line' id='line_1_20' title="bbox 224 3308 933 3394; baseline 0.004 -21"><span class='ocrx_word' id='word_1_139' title='bbox 224 3308 331 3373; x_wconf 91' lang='lat' dir='ltr'><strong>oculis</strong></span> <span class='ocrx_word' id='word_1_140' title='bbox 354 3329 427 3372; x_wconf 91' lang='lat' dir='ltr'><strong>esse</strong></span> <span class='ocrx_word' id='word_1_141' title='bbox 450 3310 623 3374; x_wconf 87' lang='lat' dir='ltr'><strong>ualeamus</strong></span> <span class='ocrx_word' id='word_1_142' title='bbox 640 3360 648 3375; x_wconf 91' lang='lat'><strong>.</strong></span> <span class='ocrx_word' id='word_1_143' title='bbox 665 3332 725 3394; x_wconf 92' lang='lat' dir='ltr'><strong>per</strong></span> <span class='ocrx_word' id='word_1_144' title='bbox 747 3313 933 3376; x_wconf 90' lang='lat' dir='ltr'><strong>dominum.</strong></span> 
     </span>
    </p>
   </div>
   <div class='ocr_carea' id='block_1_9' title="bbox 223 3496 1435 3756">
    <p class='ocr_par' dir='ltr' id='par_1_9' title="bbox 223 3496 1435 3756">
     <span class='ocr_line' id='line_1_21' title="bbox 269 3496 1435 3582; baseline 0.002 -22"><span class='ocrx_word' id='word_1_145' title='bbox 269 3497 320 3560; x_wconf 89' lang='lat' dir='ltr'><strong>Et</strong></span> <span class='ocrx_word' id='word_1_146' title='bbox 351 3496 590 3560; x_wconf 84' lang='lat' dir='ltr'><strong>inluminentur</strong></span> <span class='ocrx_word' id='word_1_147' title='bbox 622 3497 784 3563; x_wconf 83' lang='lat' dir='ltr'><strong>duodecim</strong></span> <span class='ocrx_word' id='word_1_148' title='bbox 815 3499 944 3563; x_wconf 78' lang='lat' dir='ltr'><strong>candele</strong></span> <span class='ocrx_word' id='word_1_149' title='bbox 972 3510 1003 3563; x_wconf 87' lang='lat' dir='ltr'><strong>et</strong></span> <span class='ocrx_word' id='word_1_150' title='bbox 1024 3508 1195 3582; x_wconf 83' lang='lat' dir='ltr'><strong>ponantur</strong></span> <span class='ocrx_word' id='word_1_151' title='bbox 1224 3499 1347 3582; x_wconf 84' lang='lat' dir='ltr'><strong>deseris</strong></span> <span class='ocrx_word' id='word_1_152' title='bbox 1369 3511 1435 3582; x_wconf 81' lang='lat' dir='ltr'><strong>per</strong></span> 
     </span>
     <span class='ocr_line' id='line_1_22' title="bbox 223 3582 1429 3670; baseline 0.003 -24"><span class='ocrx_word' id='word_1_153' title='bbox 223 3582 397 3646; x_wconf 85' lang='lat' dir='ltr'><strong>circuitum</strong></span> <span class='ocrx_word' id='word_1_154' title='bbox 426 3585 553 3648; x_wconf 76' lang='lat' dir='ltr'><strong>eclesiae</strong></span> <span class='ocrx_word' id='word_1_155' title='bbox 580 3605 663 3667; x_wconf 84' lang='lat' dir='ltr'><strong>quae</strong></span> <span class='ocrx_word' id='word_1_156' title='bbox 689 3585 868 3650; x_wconf 85' lang='lat' dir='ltr'><strong>dedicanda</strong></span> <span class='ocrx_word' id='word_1_157' title='bbox 896 3596 965 3651; x_wconf 86' lang='lat' dir='ltr'><strong>est.</strong></span> <span class='ocrx_word' id='word_1_158' title='bbox 986 3597 1017 3650; x_wconf 85' lang='lat' dir='ltr'><strong>et</strong></span> <span class='ocrx_word' id='word_1_159' title='bbox 1045 3597 1095 3650; x_wconf 85' lang='lat' dir='ltr'><strong>ter</strong></span> <span class='ocrx_word' id='word_1_160' title='bbox 1122 3587 1298 3650; x_wconf 78' lang='lat' dir='ltr'><strong>circumeat</strong></span> <span class='ocrx_word' id='word_1_161' title='bbox 1326 3588 1429 3670; x_wconf 83' lang='lat' dir='ltr'><strong>ipsam</strong></span> 
     </span>
     <span class='ocr_line' id='line_1_23' title="bbox 224 3671 1280 3756; baseline 0.004 -23"><span class='ocrx_word' id='word_1_162' title='bbox 224 3671 369 3734; x_wconf 86' lang='lat' dir='ltr'><strong>eclesiam</strong></span> <span class='ocrx_word' id='word_1_163' title='bbox 391 3672 530 3736; x_wconf 85' lang='lat' dir='ltr'><strong>canendo</strong></span> <span class='ocrx_word' id='word_1_164' title='bbox 553 3672 709 3736; x_wconf 83' lang='lat' dir='ltr'><strong>letaniam</strong></span> <span class='ocrx_word' id='word_1_165' title='bbox 732 3694 815 3756; x_wconf 83' lang='lat' dir='ltr'><strong>quae</strong></span> <span class='ocrx_word' id='word_1_166' title='bbox 833 3674 891 3737; x_wconf 79' lang='lat' dir='ltr'><strong>doe</strong></span> <span class='ocrx_word' id='word_1_167' title='bbox 911 3674 1003 3738; x_wconf 76' lang='lat' dir='ltr'><strong>mede</strong></span> <span class='ocrx_word' id='word_1_168' title='bbox 1026 3673 1205 3737; x_wconf 75' lang='lat' dir='ltr'><strong>inchoanda</strong></span> <span class='ocrx_word' id='word_1_169' title='bbox 1225 3684 1280 3738; x_wconf 85' lang='lat' dir='ltr'><strong>est.</strong></span> 
     </span>
    </p>
   </div>
   <div class='ocr_carea' id='block_1_10' title="bbox 267 3805 1429 4328">
    <p class='ocr_par' dir='ltr' id='par_1_10' title="bbox 269 3805 1429 3961">
     <span class='ocr_line' id='line_1_24' title="bbox 269 3805 1429 3894; baseline 0.003 -23"><span class='ocrx_word' id='word_1_170' title='bbox 269 3805 419 3890; x_wconf 63' lang='lat' dir='ltr'><strong>[Christe</strong></span> <span class='ocrx_word' id='word_1_171' title='bbox 441 3809 520 3872; x_wconf 90' lang='lat' dir='ltr'><strong>audi</strong></span> <span class='ocrx_word' id='word_1_172' title='bbox 544 3829 627 3873; x_wconf 90' lang='lat' dir='ltr'><strong>nos.</strong></span> <span class='ocrx_word' id='word_1_173' title='bbox 644 3809 687 3873; x_wconf 91' lang='lat' dir='ltr'><strong>iii.</strong></span> <span class='ocrx_word' id='word_1_174' title='bbox 1268 3810 1337 3893; x_wconf 82' lang='lat' dir='ltr'><strong>[iol.</strong></span> <span class='ocrx_word' id='word_1_175' title='bbox 1354 3825 1429 3894; x_wconf 80' lang='lat' dir='ltr'><strong>95v.</strong></span> 
     </span>
     <span class='ocr_line' id='line_1_25' title="bbox 269 3893 705 3961; baseline 0.005 -3"><span class='ocrx_word' id='word_1_176' title='bbox 269 3893 397 3958; x_wconf 89' lang='lat' dir='ltr'><strong>Sancta</strong></span> <span class='ocrx_word' id='word_1_177' title='bbox 420 3909 542 3959; x_wconf 81' lang='lat' dir='ltr'>MARIA</span> <span class='ocrx_word' id='word_1_178' title='bbox 565 3897 599 3958; x_wconf 93' lang='lat' dir='ltr'><strong>iii</strong></span> <span class='ocrx_word' id='word_1_179' title='bbox 616 3945 623 3959; x_wconf 92' lang='lat'><strong>.</strong></span> <span class='ocrx_word' id='word_1_180' title='bbox 639 3917 705 3961; x_wconf 86' lang='lat' dir='ltr'><strong>ora.</strong></span> 
     </span>
    </p>

    <p class='ocr_par' dir='ltr' id='par_1_11' title="bbox 269 3981 666 4048">
     <span class='ocr_line' id='line_1_26' title="bbox 269 3981 666 4048; baseline 0.003 -2"><span class='ocrx_word' id='word_1_181' title='bbox 269 3981 395 4046; x_wconf 83' lang='lat' dir='ltr'><strong>Sancte</strong></span> <span class='ocrx_word' id='word_1_182' title='bbox 417 3983 558 4046; x_wconf 90' lang='lat' dir='ltr'><strong>michael</strong></span> <span class='ocrx_word' id='word_1_183' title='bbox 575 4033 582 4048; x_wconf 98' lang='lat'><strong>.</strong></span> <span class='ocrx_word' id='word_1_184' title='bbox 599 4004 666 4048; x_wconf 86' lang='lat' dir='ltr'><strong>ora.</strong></span> 
     </span>
    </p>

    <p class='ocr_par' dir='ltr' id='par_1_12' title="bbox 267 4067 550 4151">
     <span class='ocr_line' id='line_1_27' title="bbox 267 4067 550 4151; baseline 0.014 -21"><span class='ocrx_word' id='word_1_185' title='bbox 267 4067 392 4132; x_wconf 85' lang='lat' dir='ltr'><strong>Sancte</strong></span> <span class='ocrx_word' id='word_1_186' title='bbox 414 4069 550 4151; x_wconf 86' lang='lat' dir='ltr'><strong>gabriel.</strong></span> 
     </span>
    </p>

    <p class='ocr_par' dir='ltr' id='par_1_13' title="bbox 268 4154 562 4240">
     <span class='ocr_line' id='line_1_28' title="bbox 268 4154 562 4240; baseline 0.017 -23"><span class='ocrx_word' id='word_1_187' title='bbox 268 4154 394 4218; x_wconf 88' lang='lat' dir='ltr'><strong>Sancte</strong></span> <span class='ocrx_word' id='word_1_188' title='bbox 416 4157 562 4240; x_wconf 88' lang='lat' dir='ltr'><strong>raphael.</strong></span> 
     </span>
    </p>

    <p class='ocr_par' dir='ltr' id='par_1_14' title="bbox 268 4242 789 4328">
     <span class='ocr_line' id='line_1_29' title="bbox 268 4242 789 4328; baseline 0.013 -23"><span class='ocrx_word' id='word_1_189' title='bbox 268 4242 397 4306; x_wconf 89' lang='lat' dir='ltr'><strong>Omnes</strong></span> <span class='ocrx_word' id='word_1_190' title='bbox 420 4246 528 4308; x_wconf 88' lang='lat' dir='ltr'><strong>sancti</strong></span> <span class='ocrx_word' id='word_1_191' title='bbox 553 4248 664 4328; x_wconf 86' lang='lat' dir='ltr'><strong>angeli</strong></span> <span class='ocrx_word' id='word_1_192' title='bbox 688 4257 789 4312; x_wconf 88' lang='lat' dir='ltr'><strong>orate.</strong></span> 
     </span>
    </p>
   </div>
   <div class='ocr_carea' id='block_1_11' title="bbox 224 4403 1427 4538">
    <p class='ocr_par' dir='ltr' id='par_1_15' title="bbox 224 4403 1427 4538">
     <span class='ocr_line' id='line_1_30' title="bbox 257 4403 1427 4473; baseline 0.003 -19"><span class='ocrx_word' id='word_1_193' title='bbox 257 4403 266 4432; x_wconf 93' lang='lat'>¹</span> <span class='ocrx_word' id='word_1_194' title='bbox 284 4405 362 4454; x_wconf 87' lang='lat' dir='ltr'><strong>From</strong></span> <span class='ocrx_word' id='word_1_195' title='bbox 380 4404 429 4454; x_wconf 89' lang='lat' dir='ltr'><strong>this</strong></span> <span class='ocrx_word' id='word_1_196' title='bbox 445 4405 517 4470; x_wconf 91' lang='lat' dir='ltr'><strong>point</strong></span> <span class='ocrx_word' id='word_1_197' title='bbox 534 4407 650 4458; x_wconf 83' lang='lat' dir='ltr'><strong>onwards</strong></span> <span class='ocrx_word' id='word_1_198' title='bbox 666 4407 762 4458; x_wconf 87' lang='lat' dir='ltr'><strong>certain</strong></span> <span class='ocrx_word' id='word_1_199' title='bbox 778 4407 892 4473; x_wconf 89' lang='lat' dir='ltr'><strong>portions</strong></span> <span class='ocrx_word' id='word_1_200' title='bbox 909 4407 938 4458; x_wconf 83' lang='lat' dir='ltr'><strong>oi</strong></span> <span class='ocrx_word' id='word_1_201' title='bbox 957 4407 1001 4457; x_wconf 90' lang='lat' dir='ltr'><strong>the</strong></span> <span class='ocrx_word' id='word_1_202' title='bbox 1019 4415 1070 4457; x_wconf 84' lang='lat' dir='ltr'><strong>text</strong></span> <span class='ocrx_word' id='word_1_203' title='bbox 1087 4423 1130 4456; x_wconf 86' lang='lat' dir='ltr'><strong>are</strong></span> <span class='ocrx_word' id='word_1_204' title='bbox 1146 4406 1225 4457; x_wconf 90' lang='lat' dir='ltr'><strong>noted</strong></span> <span class='ocrx_word' id='word_1_205' title='bbox 1248 4405 1310 4455; x_wconf 88' lang='lat' dir='ltr'><strong>with</strong></span> <span class='ocrx_word' id='word_1_206' title='bbox 1330 4422 1427 4457; x_wconf 85' lang='lat' dir='ltr'><strong>neums.</strong></span> 
     </span>
     <span class='ocr_line' id='line_1_31' title="bbox 224 4469 1382 4538; baseline 0 -18"><span class='ocrx_word' id='word_1_207' title='bbox 224 4469 308 4522; x_wconf 79' lang='lat' dir='ltr'><strong>Tbese</strong></span> <span class='ocrx_word' id='word_1_208' title='bbox 319 4487 362 4522; x_wconf 81' lang='lat' dir='ltr'><strong>are</strong></span> <span class='ocrx_word' id='word_1_209' title='bbox 373 4471 557 4536; x_wconf 85' lang='lat' dir='ltr'><strong>distinguished</strong></span> <span class='ocrx_word' id='word_1_210' title='bbox 567 4473 602 4538; x_wconf 85' lang='lat' dir='ltr'><strong>by</strong></span> <span class='ocrx_word' id='word_1_211' title='bbox 613 4472 732 4524; x_wconf 83' lang='lat' dir='ltr'><strong>asterisks</strong></span> <span class='ocrx_word' id='word_1_212' title='bbox 743 4481 769 4523; x_wconf 87' lang='lat' dir='ltr'><strong>at</strong></span> <span class='ocrx_word' id='word_1_213' title='bbox 782 4475 824 4524; x_wconf 85' lang='lat' dir='ltr'><strong>the</strong></span> <span class='ocrx_word' id='word_1_214' title='bbox 835 4472 975 4538; x_wconf 85' lang='lat' dir='ltr'><strong>beginning</strong></span> <span class='ocrx_word' id='word_1_215' title='bbox 986 4474 1037 4522; x_wconf 87' lang='lat' dir='ltr'><strong>and</strong></span> <span class='ocrx_word' id='word_1_216' title='bbox 1049 4474 1098 4522; x_wconf 88' lang='lat' dir='ltr'><strong>end</strong></span> <span class='ocrx_word' id='word_1_217' title='bbox 1111 4472 1140 4521; x_wconf 85' lang='lat' dir='ltr'><strong>os</strong></span> <span class='ocrx_word' id='word_1_218' title='bbox 1148 4472 1192 4521; x_wconf 91' lang='lat' dir='ltr'><strong>the</strong></span> <span class='ocrx_word' id='word_1_219' title='bbox 1204 4473 1286 4521; x_wconf 87' lang='lat' dir='ltr'><strong>words</strong></span> <span class='ocrx_word' id='word_1_220' title='bbox 1296 4474 1382 4522; x_wconf 85' lang='lat' dir='ltr'><strong>noted.</strong></span> 
     </span>
    </p>
   </div>
   <div class='ocr_carea' id='block_1_12' title="bbox 0 0 1692 5250">
    <p class='ocr_par' dir='ltr' id='par_1_16' title="bbox 0 0 1692 5250">
     <span class='ocr_line' id='line_1_32' title="bbox 0 0 1692 5250; baseline 0 0"><span class='ocrx_word' id='word_1_221' title='bbox 0 0 1692 5250; x_wconf 95' lang='lat' dir='ltr'><strong> </strong></span> 
     </span>
    </p>
   </div>
  </div>
 </body>
</html>
