3375 5250
495 450 813 501 BENEDICTIONES
831 447 1090 499 EPISCOPALES.
1371 449 1401 500 4¹

214 718 450 790 Bnunmcmo
475 738 517 787 m
542 738 722 790 Pnssrouu
745 723 889 789 Snucrr
909 722 1102 788 lominum
1124 731 1389 786 Pnacunsoms.

192 894 209 976 l
220 898 353 1024 DEus
377 904 434 985 qui
459 923 520 967 uos
547 903 655 967 sancti
681 902 836 966 iohannis
859 901 1027 983 baptistae
1051 901 1206 965 concedit
1229 895 1297 985 [sot
1328 897 1398 977 56v.

324 989 500 1054 sollemnia
528 989 738 1073 frequentare
755 1040 761 1054 .
778 989 906 1054 tribuat
932 987 1029 1051 uobis
1055 997 1091 1052 et
1120 988 1239 1051 eadem
1266 983 1399 1050 deuotis

193 1076 361 1141 mentibus
402 1076 597 1141 celebrare.
619 1087 654 1141 et
695 1098 775 1142 suae
812 1074 1054 1140 benedictionis
1092 1075 1183 1139 dona
1220 1071 1397 1156 percipere.

190 1164 307 1228 Amen.

237 1251 284 1314 Et
306 1251 363 1332 qui
387 1270 447 1332 pro
470 1251 553 1333 legis
584 1250 655 1314 eius
679 1251 835 1334 preconio
860 1249 1081 1315 carceralibus
1112 1258 1163 1314 est
1189 1246 1337 1311 reclusus
1363 1243 1397 1307 in

191 1337 608 1402 tenebris.intercessione
631 1360 693 1403 sua
715 1359 735 1402 a
758 1339 1011 1404 tenebrosorum
1034 1357 1173 1421 operum
1197 1355 1258 1398 uos
1280 1333 1399 1396 liberet

193 1424 377 1488 incentiuis.
421 1425 539 1490 Amen.

237 1512 283 1576 Et
306 1512 363 1594 qui
386 1532 446 1594 pro
469 1515 611 1577 ueritate
641 1534 728 1596 quae
751 1513 895 1577 christus
919 1523 971 1579 est
985 1519 1106 1594 .caput
1130 1529 1197 1574 non
1222 1517 1274 1572 est
1300 1525 1400 1569 cunc·

192 1608 285 1662 tatus
314 1599 468 1663 amittere
484 1649 491 1664 .
507 1621 569 1663 suo
599 1598 711 1664 enim1
743 1600 892 1665 aduentu
923 1601 967 1664 ad
997 1609 1099 1682 caput
1125 1597 1276 1662 omnium
1307 1592 1399 1677 quod

196 1685 342 1749 christus
365 1694 417 1750 est
440 1708 500 1750 uos
523 1686 624 1751 iaciat
647 1689 830 1770 peruenire.
875 1688 995 1752 Amen.

237 1771 338 1855 Quod
363 1773 434 1856 ipse
457 1783 606 1858 prestare
628 1775 793 1858 dignetur.

254 2231 260 2240 ι
352 2141 589 2207 ΒΕΝΕυΙοτιο
613 2156 654 2207 m
680 2157 917 2208 unmumnrn
941 2141 1094 2227 Snucrp
1118 2141 1257 2226 Mnmp.

198 2323 462 2453 OMnipotens
483 2327 567 2390 deus
597 2347 658 2391 sua
680 2348 740 2390 uos
763 2327 922 2409 dignetur
944 2327 1152 2409 protectione
1183 2324 1403 2389 benedicere.

310 2413 367 2494 qui
390 2413 480 2477 hunc
502 2414 592 2477 diem
617 2435 676 2496 per
699 2415 912 2479 natiuitatem
938 2412 1077 2495 [beatae
1101 2412 1226 2478 mariae
1261 2408 1332 2499 [fol.
1352 2426 1402 2494 57.

196 2497 275 2562 fecit
298 2501 485 2565 clarescere.
531 2501 648 2565 Amen.

242 2586 287 2651 Et
310 2587 367 2670 qui
391 2608 450 2671 per
473 2608 548 2652 eam
572 2586 677 2653 filium
699 2610 796 2654 suum
819 2587 928 2654 uoluit
950 2588 1042 2653 nasci
1055 2638 1062 2654 .
1076 2588 1148 2654 eius
1167 2585 1406 2653 intercessione

197 2672 242 2736 ab
264 2676 356 2738 omni
381 2696 441 2739 uos
457 2676 565 2740 ‘iaciat
588 2677 793 2741 aduersitate
816 2677 962 2741 desendi.
1009 2676 1126 2743 Amen.

241 2761 320 2845 Quo
342 2762 375 2825 in
400 2764 546 2845 presenti
570 2784 633 2827 euo
656 2764 726 2827 eius
758 2765 885 2828 meritis
911 2774 945 2828 et
969 2764 1122 2847 precibus
1145 2762 1252 2828 adiuti
1282 2762 1405 2846 sempi-

196 2856 290 2911 terna
313 2847 455 2913 ualeatis
478 2860 651 2933 gratanter
674 2851 833 2915 felicitate
857 2850 989 2934 perfrui.
1036 2852 1155 2916 Amen.

243 2935 343 3018 Quod
368 2936 440 3019 ipse
462 2949 611 3020 prestare
634 2939 797 3021 dignetur.

320 3303 562 3367 Beuumcmo
588 3316 629 3365 m
654 3317 925 3369 Exsummoun
948 3304 1100 3388 Srmcmg:
1125 3303 1273 3371 Cnucrs.

268 3478 339 3541 Eus
377 3479 434 3561 qui
454 3476 638 3542 'redemisti
677 3498 784 3560 genus
820 3477 1006 3543 humanum
1044 3498 1104 3559 per
1141 3478 1261 3541 beatae
1300 3477 1406 3540 crucis

311 3565 522 3646 patibulum.
539 3573 576 3629 ut
599 3566 690 3647 quod
716 3566 807 3648 prius
837 3575 911 3630 erat
935 3568 1075 3630 sceleste
1105 3564 1148 3628 ad
1179 3582 1323 3646 poenam
1340 3614 1347 3628 .
1364 3564 1407 3626 sit

198 3653 366 3715 conuersis
391 3652 579 3734 redemptio
602 3654 645 3716 ad
672 3653 776 3715 uitam
790 3702 796 3716 .
810 3655 957 3717 concede
980 3653 1070 3735 plebi
1094 3662 1172 3716 tuae
1193 3652 1265 3715 eius
1284 3651 1406 3714 saluari

199 3740 365 3816 presidio.
382 3740 476 3803 cuius
500 3748 551 3803 est
573 3748 705 3803 armata
728 3740 864 3804 uexillo.
909 3741 1027 3805 Amen.

243 3826 296 3890 Sit
316 3828 346 3889 ei
365 3847 449 3890 crux
474 3825 552 3888 fidei
576 3826 833 3890 fundamentum
851 3829 942 3910 .spei
964 3827 1161 3910 suffragium
1177 3874 1185 3891 .
1201 3826 1234 3889 in
1257 3826 1407 3890 aduersis

198 3908 372 3978 defensio.
393 3913 426 3976 in
450 3914 617 3995 prosperis
641 3914 883 3978 iuuamentum.
929 3915 1046 3978 Amen.

245 3998 504 4083 Perseueretque
539 4001 571 4061 in
606 4000 703 4065 hoste
735 4001 898 4066 uictoria.
915 4001 948 4065 in
981 4002 1121 4065 ciuitate
1154 3999 1332 4063 concordia
1349 4049 1356 4062 .
1373 3999 1406 4062 in

197 4103 321 4169 campo
351 4087 525 4170 custoldia
557 4088 590 4148 in
620 4089 724 4150 domo
756 4088 957 4153 fulturam
980 4109 1117 4171 gregem
1149 4089 1181 4151 in
1236 4087 1305 4170 [fol.
1336 4100 1407 4167 57v.

199 4170 312 4237 futuro
333 4186 510 4238 conseruet
533 4174 734 4237 incolomem
751 4224 758 4238 .
775 4196 863 4257 quae
889 4177 987 4239 nobis
1016 4196 1106 4258 agno
1129 4178 1286 4239 uincente
1312 4194 1408 4237 uersa

199 4271 251 4323 est
275 4262 308 4323 in
331 4262 484 4325 salutem.
530 4262 646 4325 Amen.

244 4347 345 4430 Quod
370 4349 441 4431 ipse
465 4357 613 4431 prestare
635 4349 800 4432 dignetur.

229 4537 237 4565 ¹
255 4537 337 4587 Enim
349 4551 428 4587 seems
439 4534 605 4599 superfluous,
641 4535 668 4585 S.
683 4536 861 4586 AEthelwold's
873 4539 1064 4590 Benedictional
1076 4540 1149 4589 reads
1159 4556 1204 4588 suo
1214 4538 1396 4588 interaduaentu.
