3375 5250
284 439 332 489 140
683 431 942 483 CONSECRATIO
962 430 1084 482 REGIS.

282 590 395 674 grauis
416 592 560 659 lenitas.
577 603 672 659 casta
689 594 846 659 libertas.
858 594 987 661 lerueat
1004 595 1040 660 in
1052 595 1219 660 'caritate.
1233 603 1269 660 et
1291 591 1377 658 nihil
1394 597 1496 655 extra

283 689 318 743 te
347 678 490 763 diligat.
507 679 784 765 laudabiliterque
814 682 908 747 uiuat
924 730 935 749 .
949 694 985 751 et
1009 682 1139 747 laudari
1163 701 1232 746 non
1261 688 1425 765 appetat.
1441 674 1495 739 Te

284 767 425 830 timeat.
442 768 504 832 tibi
534 788 649 833 amore
678 770 803 833 seruiat
818 818 826 835 .
842 779 880 834 tu
910 770 941 834 ei
971 770 1080 834 bonor
1094 818 1103 835 .
1118 780 1157 834 tu
1186 769 1350 853 gaudium
1365 814 1374 833 .
1389 775 1426 830 tu
1457 763 1492 825 in

285 872 413 917 merore
442 853 603 919 solacium
619 904 627 919 .
642 866 680 919 tu
710 856 744 921 in
774 856 999 939 ambiguitate
1027 855 1205 921 consilium
1222 907 1230 921 .
1247 865 1286 922 tu
1311 855 1347 918 in
1373 851 1496 916 iniuria

285 938 461 1005 defensio.
478 942 519 1006 ln
550 943 766 1008 tribulatione
796 945 984 1026 patientia.
1000 944 1035 1008 in
1066 952 1268 1028 paupertate
1295 938 1496 1007 habundan-

283 1024 355 1091 tia.
371 1028 405 1090 in
428 1028 552 1093 ieiunio
574 1030 692 1095 cibus.
708 1031 742 1095 in
765 1028 961 1095 infirmitate
983 1031 1029 1095 sls
1049 1031 1218 1095 medicina
1232 1079 1240 1094 .
1253 1029 1318 1093 Per
1334 1038 1370 1092 te
1391 1044 1495 1108 quem

285 1113 424 1197 diligere
446 1136 546 1199 super
567 1117 683 1181 omnia
704 1117 835 1200 appetit
852 1168 860 1180 .
875 1120 967 1200 quod
994 1128 1047 1181 est
1070 1118 1222 1201 professa
1243 1114 1439 1181 custodiat.
1455 1122 1496 1174 ut

283 1212 318 1263 et
341 1201 473 1265 hostem
496 1203 671 1287 antiquum
691 1204 915 1270 deuincat.et
930 1206 1087 1269 uitiorum
1109 1206 1282 1289 squalores
1301 1210 1492 1285 expurget.

284 1287 442 1369 quatinus
465 1291 668 1373 sexagesimi
693 1291 821 1356 fructus
845 1293 937 1356 dono
960 1293 1110 1357 decorari
1126 1341 1134 1357 .
1150 1293 1381 1372 uirtutumque
1407 1287 1494 1349 lam-

284 1374 428 1456 padibus
458 1379 638 1443 exornari.
655 1387 691 1443 et
714 1378 896 1443 electarum
923 1390 1057 1444 tuarum
1081 1379 1260 1445 uiduarum
1283 1374 1494 1456 consortium

285 1472 319 1523 te
343 1461 492 1527 donante
515 1475 683 1530 mereatur
704 1465 847 1551 adipisci
863 1514 871 1531 .
887 1486 957 1550 per.

345 1666 510 1731 Amulam
542 1677 636 1732 tuam
667 1667 804 1733 domine
834 1678 916 1733 tuae
945 1667 1102 1732 custodia
1127 1668 1259 1733 muniat
1284 1663 1443 1749 pietatis.
1460 1673 1501 1725 ut

389 1754 563 1820 uiduitatis
587 1764 726 1820 sanctae
755 1757 968 1839 propositum
999 1753 1092 1837 quod
1118 1764 1154 1821 te
1180 1754 1365 1838 inspirante
1387 1770 1499 1815 susce-

286 1840 394 1921 perit.
413 1853 447 1907 te
467 1841 682 1925 sprotegente
702 1843 844 1908 inlesum
868 1842 1060 1907 custodiat.
1077 1861 1147 1926 per.
1336 1838 1407 1923 [fol.
1427 1838 1499 1902 162.

606 2393 753 2457 lumem
776 2382 1042 2461 consecnnmo
1066 2409 1186 2461 numa

332 2549 408 2613 Rex
436 2558 545 2613 autem
582 2569 654 2611 cam
691 2548 898 2614 ordinandas
924 2549 1059 2634 suerit.
1076 2550 1118 2615 de
1149 2559 1307 2615 carrucata
1335 2548 1501 2613 seniorum

289 2636 431 2700 ducatur
451 2648 514 2721 per
542 2656 702 2700 marusa
732 2637 857 2702 duobus
878 2639 1089 2723 pontificibus
1117 2639 1166 2703 ad
1199 2639 1368 2703 basrtaam
1396 2637 1503 2701 cleeris

289 2723 537 2875 lnfqimffm
571 2723 783 2805 antiphonam
813 2726 1047 2791 cantantibus.
1064 2725 1188 2790 duobus
1217 2735 1325 2789 tamen
1354 2725 1503 2808 episcopas

290 2819 438 2875 enarrante
480 2831 509 2875 s.

334 2960 501 3024 Firmetur
534 2981 654 3024 manus
685 2969 745 3025 tua
778 2970 812 3024 et
842 2959 1014 3027 exaltetur
1044 2943 1188 3028 dextera
1217 2971 1277 3027 tua
1308 2961 1437 3026 iustitia
1467 2974 1503 3025 et

292 3048 452 3112 iudicium
475 3048 667 3131 preparatio
695 3047 785 3111 sedis
818 3057 902 3114 tue.
920 3050 1149 3114 misericordia
1178 3061 1213 3115 et
1242 3049 1369 3114 ueritas
1390 3069 1504 3132 prece-

290 3133 515 3199 dent-faciem
539 3148 660 3200 tuam.
679 3133 794 3199 Gloria
817 3137 904 3218 patri
928 3146 962 3199 et
985 3136 1054 3200 filio
1076 3148 1111 3201 et
1132 3137 1264 3221 spiritui
1287 3145 1413 3201 sancto.

335 3359 534 3423 Peraeaiens
564 3359 613 3422 ad
638 3361 784 3425 eclesiam
801 3370 991 3442 prosternat
1011 3381 1047 3424 se
1072 3382 1180 3425 coram
1201 3360 1331 3426 altare.
1347 3370 1380 3423 et
1392 3357 1504 3443 ymni-

292 3456 404 3511 zetar.
422 3446 474 3510 Te
503 3448 605 3510 deum
629 3447 834 3511 laudamus.
857 3447 1023 3512 finetenus
1048 3496 1055 3512 .
1080 3470 1141 3531 qao
1155 3448 1326 3532 ymniaate
1354 3446 1506 3530 erigatur

293 3532 334 3596 da
351 3533 417 3596 salo
437 3579 445 3596 .
467 3544 500 3596 et
525 3534 567 3598 ab
594 3535 744 3619 episcopis
764 3531 807 3598 a1
828 3535 921 3616 plebe
946 3537 1060 3600 electus
1076 3584 1085 3601 .
1100 3535 1177 3600 haec
1199 3533 1342 3618 triplicia
1371 3533 1450 3599 iura
1472 3552 1508 3594 se

290 3629 500 3684 seruaturum
516 3623 700 3704 promittat.

301 3780 447 3909 HAec
470 3781 535 3846 tria
558 3782 685 3866 populo
707 3783 890 3848 christiano
913 3793 947 3848 et
970 3783 1052 3847 mihi
1074 3783 1212 3848 subdito
1234 3783 1269 3847 in
1291 3781 1406 3846 christi
1429 3800 1504 3864 pro-

419 3868 518 3934 mitto
541 3872 677 3934 nomine
694 3917 702 3935 .
718 3871 753 3934 in
776 3871 892 3953 primis
915 3881 953 3936 ut
975 3869 1117 3935 ecclesia
1139 3871 1194 3934 dei
1217 3880 1252 3935 et
1273 3869 1383 3934 omnis
1399 3887 1505 3950 popu-

296 3955 347 4017 lus
369 3956 570 4020 christianus
593 3977 708 4020 ueram
731 3977 851 4040 pacem
874 3966 990 4021 nostro
1012 3957 1150 4022 arbitrio
1173 3958 1208 4021 in
1238 3956 1330 4020 omni
1353 3965 1505 4038 ternpore

295 4053 406 4107 seruet
422 4093 429 4107 .
445 4043 574 4109 Aliud.
594 4054 631 4108 ut
661 4047 862 4128 rapacitates
900 4057 936 4108 et
969 4066 1088 4109 omnes
1123 4044 1315 4128 iniquitates
1348 4042 1505 4107 omnibus

295 4130 454 4211 gradibus
486 4131 683 4196 interdicam
699 4181 707 4196 .
723 4133 900 4197 Tertium.
920 4142 957 4197 ut
981 4132 1015 4194 in
1038 4133 1195 4196 omnibus
1217 4130 1348 4195 iudiciis
1378 4129 1506 4212 equita-

295 4227 365 4280 tem
389 4215 437 4295 let
460 4219 723 4283 misericordiam
747 4220 954 4303 precipiam.
972 4229 1009 4283 ut
1033 4221 1114 4282 mihi
1138 4231 1174 4282 et
1196 4218 1292 4283 uobis
1317 4213 1387 4303 [lol.
1416 4216 1505 4279 162v.

296 4304 488 4386 indulgeat.
504 4326 600 4369 suam
623 4308 884 4370 misericordiam
904 4306 1051 4371 clemens
1073 4315 1108 4371 et
1125 4307 1311 4371 misericors
1334 4304 1435 4368 deus.
1451 4304 1508 4384 qui

296 4390 381 4455 uiuit
403 4402 439 4456 et
462 4405 590 4476 regnat.

707 4519 713 4545 ยน
735 4518 863 4584 Probably
874 4518 912 4569 sor
923 4526 947 4570 ct
957 4536 986 4570 or
997 4519 1036 4570 lor
1046 4527 1070 4570 et
1078 4536 1103 4570 a.
