3375 5250
575 415 834 468 consacnnrro
855 415 978 466 nanis.
1332 422 1381 475 14⁷

166 574 295 726 fBecistis
315 596 455 677 regnum
492 574 660 662 optisnere
697 574 901 660 pacificum.
919 575 1020 659 Quod
1056 575 1154 658 ipse.
1188 573 1378 664 [fol.169v.

168 672 518 902 ’θὲξικιεωφξιᾎᾶκίείκν
543 751 730 833 antiphona.
768 750 873 816 Viuat
900 772 960 815 rex
990 751 1085 815 uiuat
1107 772 1168 817 rex
1199 752 1293 818 uiuat
1315 774 1377 818 rex

167 855 201 900 m
225 857 390 903 eernum.

554 959 748 1042 Designatin
768 968 875 1023 status
895 959 993 1043 regis.

223 1081 276 1145 Ta
303 1090 337 1145 et
364 1081 470 1147 retine
495 1083 619 1146 amodo
644 1091 771 1145 statum
788 1128 797 1145 .
813 1101 915 1163 quem
940 1081 1113 1163 hucusque
1134 1090 1277 1164 paterna
1299 1102 1376 1165 sug·

269 1168 422 1252 gestione
459 1169 596 1233 tenuisti
633 1167 835 1232 hereditario
874 1168 935 1232 tibi
973 1169 1042 1232 iure
1087 1168 1280 1251 delegatum
1318 1191 1378 1252 per

170 1256 405 1321 auctoritatem
433 1256 488 1320 dei
514 1255 756 1337 omnipotentis
773 1303 782 1320 .
799 1264 834 1319 et
858 1276 919 1338 per
944 1262 1134 1338 presentem
1161 1257 1375 1320 traditionem

170 1352 319 1408 nostram
344 1342 496 1407 omnium
519 1343 647 1406 scilicet
672 1343 907 1424 episcoporum
925 1390 933 1407 .
950 1352 1204 1425 ceterorumque
1232 1344 1286 1406 dei
1308 1364 1377 1407 ser-

170 1450 288 1494 uorum
305 1477 315 1495 .
332 1441 367 1495 et
390 1438 520 1514 quanto
546 1430 672 1493 clerum
696 1430 798 1493 sacris
820 1429 982 1493 altaribus
1006 1430 1277 1512 propinquiorem
1300 1450 1376 1513 pro-

170 1518 269 1601 spicis
287 1563 296 1581 .
312 1525 409 1581 tanto
432 1517 462 1580 ei
482 1516 647 1599 potiorem
670 1517 705 1579 in
728 1515 809 1579 locis
832 1518 987 1598 congruis
1006 1515 1168 1580 honorem
1184 1517 1377 1600 impendere

171 1604 361 1668 memineris
375 1652 383 1670 .
397 1604 555 1687 quatinus
579 1603 745 1667 mediator
764 1603 818 1667 dei
839 1612 874 1668 et
897 1603 1138 1668 hominum.te
1157 1604 1376 1668 mediatorem

170 1691 247 1756 cleri
264 1701 297 1756 et
313 1691 420 1776 plebis
436 1692 470 1753 in
486 1690 550 1754 hoc
570 1691 664 1773 regni
684 1690 769 1754 solio
792 1688 968 1754 confirmet
985 1738 994 1755 .
1010 1701 1045 1755 et
1063 1691 1098 1754 in
1120 1710 1225 1772 regno
1241 1701 1377 1755 aeterno

170 1798 284 1842 secum
300 1798 440 1860 regnare
455 1777 573 1843 faciat.
585 1778 696 1841 ihesus
711 1778 854 1841 christus
872 1777 1028 1841 dominus
1044 1786 1172 1842 noster.
1184 1798 1244 1842 rex
1260 1798 1376 1861 regum

170 1875 205 1931 et
220 1866 377 1930 dominus
392 1865 642 1929 dominantium
658 1912 668 1931 .
685 1865 741 1948 qui
765 1885 842 1929 cum
858 1873 954 1949 patre
969 1874 1004 1929 et
1018 1866 1136 1947 spiritu
1152 1874 1270 1929 sancto
1293 1866 1378 1929 uiuit

170 1963 204 2016 et
228 1961 357 2037 regnat.

628 2117 786 2200 Sequitur
808 2118 919 2183 orati).

173 2254 438 2382 OMnipotens
468 2255 551 2320 deus
581 2254 639 2319 det
669 2254 730 2319 tibi
761 2258 804 2319 de
830 2275 904 2319 rore
929 2254 1013 2319 caeli
1037 2264 1072 2320 et
1101 2255 1145 2320 de
1173 2254 1378 2339 pinguedine

285 2351 394 2407 terrae
423 2341 691 2407 habundantiam
708 2392 715 2407 .
732 2340 906 2426 frulmenti
931 2390 940 2407 .
964 2352 1000 2406 et
1029 2343 1099 2406 uini
1116 2391 1125 2408 .
1142 2350 1177 2408 et
1208 2342 1282 2426 [fol.
1303 2356 1377 2423 170.

173 2429 322 2494 seruiant
366 2428 427 2494 tibi
469 2429 585 2512 populi
602 2477 611 2494 .
628 2438 663 2492 et
701 2431 842 2494 adorent
881 2440 916 2494 te
950 2428 1056 2494 tribus
1081 2478 1089 2514 ,
1113 2439 1186 2494 esto
1220 2432 1379 2495 dominus

173 2517 312 2581 fratrum
336 2526 471 2581 tuorum
492 2526 526 2580 et
547 2518 761 2581 incuruentur
784 2525 864 2580 ante
887 2527 923 2581 te
942 2514 1001 2579 filii
1018 2517 1133 2580 matris
1149 2526 1229 2581 tuae
1246 2565 1254 2582 .
1271 2518 1378 2599 etqui

174 2603 386 2669 benedixerit
404 2604 466 2669 tibi
485 2602 774 2668 benedictionibus
793 2604 985 2685 repleatur.
1003 2613 1038 2668 et
1057 2605 1141 2669 deus
1161 2604 1223 2670 erit
1243 2604 1379 2669 adiutor

173 2705 250 2756 tuus
268 2739 277 2756 .
294 2690 521 2774 Omnipotens
544 2691 723 2756 benedicat
743 2692 804 2756 tibi
825 2691 1117 2756 benedictionibus
1134 2692 1217 2757 caeli
1236 2693 1379 2774 desuper

174 2781 208 2842 in
248 2779 418 2843 montibus
457 2789 491 2842 et
524 2779 558 2842 in
591 2777 732 2842 collibus
749 2827 757 2844 .
774 2777 1066 2843 benedictionibus
1107 2780 1214 2861 abysi‘
1239 2779 1379 2843 iacentis

174 2866 330 2930 deorsum
346 2866 661 2931 ,benedictionibus
696 2867 836 2930 uberum
867 2876 901 2930 et
932 2885 1072 2929 uuarum
1102 2886 1346 2948 pomorumque
1359 2863 1379 2930 ¹.

174 2953 424 3017 benedictiones
449 2962 583 3035 patrum
610 2952 823 3035 antiquorum
851 2951 1013 3017 abraham
1029 2999 1038 3016 .
1054 2962 1089 3017 et
1114 2951 1204 3017 isaac
1226 2962 1261 3018 et
1283 2953 1380 3017 iacob

174 3039 382 3104 confortatae
406 3039 473 3104 sint
497 3061 597 3122 super
621 3048 655 3103 te
672 3088 680 3106 .
697 3059 757 3122 per
781 3040 967 3107 dominum.

733 3191 825 3256 Alia.

181 3312 366 3440 BEnedic
396 3311 533 3378 domine
563 3311 791 3376 fortitudinem
822 3309 1003 3393 principis.
1020 3319 1056 3374 et
1081 3331 1183 3393 opera
1219 3329 1378 3374 manuum

279 3399 367 3464 illius
383 3401 536 3482 suscipe.
553 3409 587 3462 et
606 3398 839 3462 benedictione
863 3408 922 3463 tua
942 3407 1031 3463 terra
1050 3399 1122 3462 eius
1140 3400 1184 3463 de
1202 3399 1313 3481 pomis
1332 3418 1380 3461 re·

176 3488 307 3571 pleatur
323 3536 332 3553 .
349 3488 392 3551 de
422 3487 529 3551 fructu
560 3486 643 3550 caeli
673 3496 708 3549 et
737 3505 809 3549 rore
835 3495 938 3568 atque
961 3486 1076 3567 abyssi
1105 3485 1306 3550 subiacentis
1337 3486 1380 3549 de

175 3575 286 3639 fructu
299 3573 379 3638 solis
395 3582 429 3638 et
444 3573 543 3638 lunae
558 3575 600 3638 de
616 3574 740 3636 uertice
756 3573 971 3655 antiquorum
992 3573 1158 3636 montium
1175 3620 1183 3636 .
1204 3573 1249 3636 de
1270 3572 1379 3655 pomis

176 3671 386 3728 aeternorum
407 3661 568 3725 collium.
586 3669 620 3724 et
641 3662 685 3723 de
705 3659 854 3741 frugibus
873 3669 979 3723 terrae
994 3669 1029 3723 et
1051 3659 1261 3742 plenitudine
1281 3659 1378 3723 eius.

176 3749 373 3813 Benedictio
396 3747 484 3811 illius
504 3747 561 3830 qui
582 3747 739 3830 apparuit
759 3748 793 3808 in
815 3746 899 3811 rubo
918 3747 1034 3810 ueniat
1057 3745 1172 3831 isuper
1189 3743 1261 3828 [fol.
1284 3759 1380 3826 170v.

176 3845 279 3919 caput
300 3884 309 3901 .
331 3836 364 3898 N
385 3882 394 3901 .
415 3844 450 3899 et
480 3835 581 3918 plena
610 3837 654 3897 sit
683 3834 874 3898 benedictio
902 3833 1031 3898 domini
1061 3833 1095 3897 in
1126 3832 1201 3897 filiis
1232 3833 1302 3896 eius
1319 3880 1328 3897 .
1345 3842 1380 3896 et

175 3924 285 4006 tingat
305 3923 339 3986 in
362 3921 438 3987 oleo
459 3923 580 4004 pedem
601 3941 698 3984 suum
716 3969 725 3986 .
742 3919 878 3986 Cornua
897 3921 1098 3984 renocerotis
1121 3939 1246 3984 cornua
1268 3920 1379 3984 illius.

176 4012 211 4074 in
241 4009 322 4092 ipsis
351 4009 529 4073 uentilabit
564 4017 681 4090 gentes
717 4027 823 4090 usque
853 4008 897 4071 ad
934 4007 1095 4072 terminos
1130 4015 1237 4071 terrae
1253 4054 1262 4072 .
1278 4003 1381 4088 quia⁹

176 4116 332 4161 ascensor
354 4096 438 4160 caeli
462 4096 644 4160 auxiliator
667 4115 746 4158 suus
773 4096 806 4157 in
834 4093 1073 4177 sempiternum
1100 4092 1159 4158 frat
1175 4140 1184 4159 .
1199 4114 1270 4178 per.

219 4243 338 4308 Finit.
354 4243 543 4306 consecratio
566 4242 662 4326 regis.

209 4391 218 4420 ¹
236 4392 262 4441 A
277 4390 329 4440 late
344 4390 413 4440 hand
430 4389 475 4439 bas
491 4389 567 4438 made
583 4404 599 4437 a
615 4386 739 4452 marginal
755 4385 904 4448 correction,
923 4385 1085 4450 substituting
1100 4387 1193 4437 uuluae
1206 4385 1245 4436 for
1261 4403 1381 4447 unarum,

175 4456 227 4508 and
243 4456 348 4507 marked
360 4463 537 4520 penarumque
554 4455 593 4503 for
604 4454 732 4503 omission.

207 4523 218 4552 ¹
235 4523 261 4572 A
277 4523 341 4573 later
356 4522 427 4572 hand
442 4520 488 4570 has
504 4519 615 4570 inserted
632 4519 675 4569 the
692 4517 832 4568 correction
849 4525 872 4568 et
886 4517 968 4570 above
984 4517 1028 4568 the
1043 4515 1104 4567 line.

1186 4596 1251 4647 L2
