3375 5250
572 406 783 458 ABSOLUTIO
805 408 1047 458 PENITENTIS.
1384 415 1417 469 57

205 575 369 634 mortem.
387 569 539 651 placatus
563 570 605 634 ad
629 580 824 635 cunctorum
849 591 963 653 preces
988 572 1114 653 respice
1141 569 1312 635 fidelium.
1329 590 1413 653 quas

203 654 264 718 tibi
287 676 347 738 pro
370 656 519 721 defuncti
546 657 656 721 fratris
679 658 891 722 absolutione
914 659 1092 722 cumulatis
1120 659 1312 722 muneribus
1337 677 1412 740 per-

203 751 324 823 petuae
346 744 585 827 redemptionis
608 746 730 828 singuli
752 746 953 809 detulerunt.
998 747 1117 809 Amen.
1457 825 1460 833 Δ

247 829 293 892 Et
319 851 419 913 quem
447 832 534 895 unici
562 831 620 894 filii
643 834 692 895 tui
715 853 830 897 cruore
855 833 1041 896 redimere.
1058 853 1096 896 ac
1120 833 1332 915 redemptum
1354 850 1409 895 co-

203 916 307 979 eterni
331 918 465 1000 spiritus
488 919 673 983 munimine
696 919 808 984 fouere
833 920 968 983 uoluisti
994 920 1027 982 in
1054 920 1308 983 aruis.terrenis
1329 937 1412 981 exu-

202 1012 275 1065 tum
298 1005 485 1087 contagiis.
501 1008 653 1070 tartareis
673 1017 804 1070 erutum
825 1006 1025 1070 cruciatibus
1048 1017 1239 1071 sanctorum
1261 1006 1412 1070 coetibus

202 1090 358 1172 coniungi
382 1092 497 1156 iubeas
519 1096 749 1157 coronandum
774 1094 807 1156 in
831 1095 938 1157 astris.
983 1093 1101 1158 Amen.

247 1176 444 1260 Supplicum
477 1190 558 1244 uota
586 1180 750 1261 propitius
777 1180 974 1244 considera.
992 1192 1026 1243 et
1056 1189 1167 1243 reatus
1198 1180 1407 1262 singulorum

203 1264 245 1326 ad
278 1285 398 1346 purum
435 1264 630 1330 relaxa.ut
666 1268 822 1331 uitiorum
857 1268 1009 1331 omnium
1036 1287 1124 1332 neuo
1155 1268 1412 1330 remoti.sanc-

202 1350 293 1432 tique
320 1354 455 1434 spiritus
482 1356 658 1418 carismate
686 1354 841 1418 inradiati
859 1401 867 1416 .
883 1374 944 1437 pro
975 1354 1135 1418 defuncto
1165 1354 1322 1418 libentius
1354 1374 1410 1415 ua-

202 1438 292 1501 leant
315 1441 478 1504 exaudiri.
522 1441 640 1504 Amen.

245 1523 346 1607 Quod
370 1526 442 1609 ipse
468 1539 615 1609 prestare
639 1528 786 1609 digneris
803 1576 810 1592 .
827 1529 883 1609 qui
911 1548 995 1591 unus
1020 1528 1054 1590 in
1082 1528 1232 1592 trinitate
1259 1527 1407 1609 perlecta

202 1612 287 1674 uiuis
311 1623 344 1677 et
367 1614 518 1695 gloriaris
541 1615 623 1678 deus
646 1636 706 1698 per
728 1614 859 1678 infinita
882 1616 995 1678 secula
1017 1616 1213 1679 seculorum,
1259 1615 1377 1678 Amen.

245 1699 442 1766 Benedictio
465 1702 519 1766 dei
542 1704 654 1782 patris.

244 1836 378 1921 [Incrpit
405 1838 562 1902 absolutio
585 1836 718 1901 dicenda
742 1839 784 1903 ab
806 1839 959 1921 episcopo.
975 1849 1071 1920 super
1092 1859 1221 1901 conuer-
1251 1837 1321 1920 [iol.
1338 1840 1411 1918 76v.

198 1945 272 1987 sum
292 1932 325 1988 et
338 1926 567 2006 poenitentem.
587 1925 656 2004 Qui
675 1944 846 1988 conuersus
860 1934 1091 2007 prosternatur
1105 1976 1112 1988 .
1128 1946 1236 1988 coram
1254 1925 1360 1989 altare
1381 1937 1413 1987 et

199 2010 341 2075 decantet
353 2014 520 2092 psalmum
541 2012 844 2095 quinquagesimum
858 2060 865 2076 .
877 2013 909 2074 si
924 2021 1032 2075 autem
1048 2022 1096 2076 est
1113 2011 1215 2076 idiota
1225 2061 1232 2077 .
1242 2033 1283 2075 ex
1296 2014 1412 2076 intimo

197 2097 291 2161 corde
312 2099 419 2161 crebro
441 2099 551 2163 dicat.
568 2100 647 2163 deus
669 2100 822 2163 miserere
845 2099 930 2162 milri
944 2100 1123 2181 peccatori,
1139 2120 1233 2162 seruo
1260 2108 1322 2163 tuo.
1363 2100 1413 2163 Et

190 2184 303 2266 saciat
323 2186 480 2267 episcopus
501 2186 643 2250 letanias
663 2197 760 2268 super
781 2207 854 2250 eum
870 2235 876 2248 .
893 2195 924 2249 et
945 2187 1008 2249 lrae
1026 2190 1204 2267 sequantur
1225 2188 1392 2250 orationar.

265 2322 455 2387 Bsoluimus
484 2333 518 2387 te
550 2325 622 2387 uice
653 2324 742 2387 beati
773 2325 859 2405 petri
891 2323 1120 2405 apostolorum
1160 2322 1408 2406 principis.cui

306 2412 462 2474 dominus
500 2422 704 2494 potestatem
744 2411 870 2493 ligandi
908 2423 1010 2492 atque
1047 2411 1200 2474 soluendi
1244 2410 1411 2475 dedit.et

198 2507 362 2576 quantum
400 2500 443 2560 ad
482 2508 515 2561 te
536 2499 697 2580 *pertinet
734 2498 978 2562 accusatio.et
1009 2497 1052 2560 ad
1083 2518 1143 2560 nos
1177 2498 1410 2561 remissio.sit

199 2585 281 2647 deus
309 2586 523 2668 omnipotens
550 2585 610 2648 tibi
640 2587 708 2649 uita
735 2595 769 2649 et
794 2584 884 2649 salus
900 2637 907 2649 .
923 2599 958 2649 et
985 2584 1141 2649 omnibus
1171 2586 1317 2668 peccatis
1343 2588 1409 2650 tuis

196 2669 346 2820 {ndultor
362 2721 370 2738 .
386 2694 446 2754 per
468 2693 544 2736 eum
569 2675 625 2754 qui
650 2673 733 2736 uiuit
757 2685 791 2735 et
814 2686 934 2754 regnat
958 2694 1018 2754 per
1044 2673 1158 2735 omnia
1181 2673 1294 2736 secula
1317 2693 1411 2736 secu·

208 2778 313 2823 orum.
358 2760 477 2824 Amen.

656 2899 738 2962 Item
754 2900 824 2963 alia
839 2899 952 2961 oratio.

204 3019 392 3145 DOmine
424 3020 580 3099 sanctae†
604 3031 701 3103 pater
724 3023 939 3104 omnipotens
967 3032 1101 3084 aeterne
1132 3024 1215 3085 deus
1231 3070 1239 3086 .
1255 3023 1311 3104 qui
1335 3023 1408 3085 uul-

310 3127 389 3170 nera
420 3117 534 3171 nostra
564 3106 693 3192 cusrare
724 3108 884 3190 dignatus
914 3107 1024 3171 este
1054 3107 1221 3191 supplices
1256 3108 1324 3191 [fol.
1356 3125 1407 3188 77.

196 3211 354 3270 rogamus
378 3206 412 3257 et
439 3196 582 3275 petimus
599 3242 607 3258 .
623 3215 685 3258 nos
711 3193 856 3258 humiles
883 3197 931 3258 tui
957 3200 1171 3259 sacerdotes.
1189 3205 1227 3259 ut
1252 3197 1405 3276 precibus

197 3283 320 3342 nostris
340 3302 454 3344 aurern
475 3293 554 3345 tuae
575 3283 709 3364 pietatis
733 3283 893 3345 inclinare
915 3283 1084 3361 digneris.
1102 3293 1203 3363 atque
1226 3284 1269 3345 ad
1293 3285 1407 3364 poeni-

196 3368 298 3430 tentis
332 3370 576 3432 contessionem
604 3370 1031 3452 mouearis.remittasque
1062 3374 1175 3432 omnia
1205 3370 1344 3433 crimina
1371 3382 1405 3433 et

195 3465 334 3530 peccata
364 3457 521 3519 uniuersa
546 3458 739 3520 condones.
756 3457 883 3538 desque
908 3458 984 3518 huic
1012 3457 1139 3519 famulo
1165 3466 1225 3519 tuo
1249 3457 1403 3519 domine.

196 3537 250 3602 N.
268 3561 328 3622 pro
367 3542 540 3625 suppliciis
578 3545 812 3625 ueniam.pr0
851 3564 979 3607 merore
1018 3544 1186 3606 letitiam.
1203 3563 1265 3626 pro
1297 3555 1405 3607 morte

196 3627 299 3690 uitam
317 3677 324 3693 .
342 3638 379 3692 ut
402 3630 459 3710 qui
483 3631 527 3693 ad
552 3638 683 3694 tantam
707 3650 802 3712 spem
827 3630 980 3694 caelestis
1004 3632 1107 3712 apicis
1131 3630 1308 3693 deuolutus
1332 3641 1404 3694 est.

195 3715 236 3776 de
263 3727 322 3778 tua
353 3716 579 3779 misericordia
610 3717 784 3780 confidens
820 3721 864 3781 ad
899 3719 989 3780 bona
1027 3717 1161 3799 paciferi
1200 3719 1318 3800 premii
1355 3720 1405 3781 tui

193 3811 293 3882 atque
317 3805 360 3866 ad
384 3803 540 3866 caelestia
563 3805 653 3868 dona
676 3803 851 3886 peruenire
875 3813 1063 3867 mereatur.
1081 3824 1139 3885 per
1161 3804 1345 3868 dominum.

753 3982 849 4045 Item.

262 4105 376 4168 Xaudi
403 4125 465 4169 nos
492 4105 649 4168 domine,
667 4115 701 4168 et
727 4107 814 4169 sicut
839 4107 1009 4188 publicani
1039 4105 1194 4188 precibus
1218 4114 1251 4168 et
1274 4107 1404 4169 conses-

305 4193 399 4255 sione
426 4193 579 4274 placatus
606 4213 642 4256 es
659 4240 667 4256 .
683 4193 731 4256 ita
757 4202 791 4255 et
815 4192 893 4256 huic
917 4191 1044 4256 famulo
1071 4205 1131 4256 tuo
1146 4242 1154 4255 .
1171 4192 1204 4255 N
1221 4239 1229 4256 .
1245 4192 1402 4274 placare.

189 4290 224 4341 et
262 4280 414 4360 precibus
446 4281 517 4343 eius
555 4279 721 4362 benignus
755 4281 889 4361 aspira.
909 4290 943 4343 ut
982 4281 1016 4342 in
1055 4280 1265 4342 consessione
1298 4277 1399 4343 flebili

188 4375 462 4446 permanen3.et
492 4366 654 4449 petitione
686 4376 847 4448 perpetua
878 4367 1092 4431 clementiam
1123 4379 1218 4429 tuam
1249 4365 1400 4430 celeriter

187 4453 537 4535 exoret.sanctisque
576 4454 737 4517 altaribus
775 4466 808 4517 et
840 4455 1059 4518 sacramentis
1090 4455 1263 4518 restitutus
1289 4472 1402 4516 rursus

185 4534 334 4619 lcaelesti
359 4539 484 4621 gloriae
509 4543 742 4624 mancipetur.
759 4562 827 4623 per.
1231 4538 1301 4623 [sol.
1326 4555 1401 4619 77V.
