3375 5250
594 471 912 522 BENEDICTIONES
931 469 1189 520 EPJSCOPALES.

699 669 1408 754 lD0n11u1cher1u.[fol
1430 687 1498 734 11v

292 813 556 944 OMnipotens
602 814 686 877 deus
722 833 784 877 uos
821 814 865 876 ab
908 814 1059 876 omnium
1106 821 1341 910 peccatorum'
1359 807 1498 872 maculis

406 901 589 965 emundet.
606 901 663 983 qui
681 899 739 982 [le]
726 897 901 982 ]prosum¹
916 901 1102 983 supplicem
1119 909 1212 963 tactu
1229 897 1365 980 proprio
1380 896 1496 977 digna-

290 996 345 1050 tus
368 996 419 1052 est
442 987 637 1052 emundare.
683 988 801 1051 Amen.

332 1074 467 1158 Quique
482 1073 685 1139 centurionis
708 1094 841 1138 seruum
866 1093 933 1137 non
958 1083 1155 1156 aspernatus
1175 1080 1226 1136 est
1249 1071 1385 1135 uisitare
1402 1069 1497 1151 ,ipse

289 1161 439 1226 cordium
464 1171 650 1226 uestrorum
673 1162 859 1245 hospitium
882 1162 1039 1242 dignetur
1067 1159 1325 1225 misericorditer
1351 1158 1496 1221 introire.

287 1248 456 1418 Argppdue
479 1356 539 1399 uos
564 1333 642 1400 fidei
670 1356 750 1399 suae
774 1335 985 1418 plenitudine
1012 1334 1190 1399 informet.
1208 1342 1246 1396 ut
1268 1353 1345 1396 cum
1372 1331 1497 1394 sanctis

289 1423 357 1485 suis
382 1423 415 1485 in
441 1422 609 1487 caelorum
634 1443 737 1506 regno
765 1423 962 1487 accumbere
987 1423 1159 1487 concedat.
1204 1421 1321 1484 Amen.

334 1509 434 1592 Quod
457 1511 529 1593 ipse
552 1520 699 1593 prestare
722 1511 888 1594 dignetur.

696 1744 896 1809 Doumrcn
918 1744 1090 1829 Qunam

289 1877 632 2004 TEmptationum
635 1882 821 1945 omniuma
845 1884 941 1946 uobis
964 1885 1122 1948 dominus
1142 1882 1289 1966 pericula
1306 1890 1496 1946 remoueat.

394 1976 428 2030 et
448 1968 737 2049 perturbationum
761 1970 924 2052 procellas
951 1972 1127 2036 miseratus
1153 1970 1324 2035 excludat.
1380 1967 1496 2032 Amen.

331 2049 560 2136 Temptatoris
601 2054 733 2120 fraudes
777 2066 879 2139 atque
923 2058 1098 2122 molimina
1143 2059 1335 2123 dissoluat.
1358 2067 1394 2119 et
1436 2073 1498 2119 uos

287 2137 447 2203 adversus
472 2161 548 2205 eum
577 2153 693 2207 cautos
718 2153 820 2226 atque
846 2146 1056 2208 inuincibiles
1084 2146 1195 2211 saciat
1239 2146 1357 2209 Amen

334 2223 503 2292 Continua
524 2229 616 2311 pacis
641 2231 735 2294 uobis
759 2252 899 2294 munera
920 2233 1072 2298 tribuat.
1088 2244 1122 2298 et
1145 2252 1207 2297 uos
1231 2234 1264 2295 in
1288 2239 1387 2315 portu
1409 2238 1500 2293 tran-

286 2312 462 2393 quillitatis
482 2336 521 2378 ac
537 2317 746 2402 securitaltis
761 2320 963 2400 propitiatus
980 2321 1173 2385 constituat.
1218 2321 1339 2384 Amen.
1364 2316 1434 2400 [sol
1452 2330 1499 2379 12

331 2397 464 2482 Quod
455 2422 526 2484 rpse
550 2413 696 2485 prestare
720 2404 882 2487 dignetur.

702 2600 902 2666 Dommcn
925 2600 1090 2683 Qunam

294 2731 431 2857 DEus
453 2734 511 2816 qui
536 2734 700 2799 bonorum
729 2756 842 2799 semen
870 2734 904 2799 in
926 2757 987 2800 sua
1014 2737 1135 2800 eclesia
1163 2758 1273 2801 serere
1299 2735 1497 2800 consueuit

401 2840 435 2883 m
463 2821 559 2885 uobis
587 2823 668 2887 illud
693 2842 889 2886 conseruare
922 2834 1025 2908 atque
1058 2825 1281 2907 multiplicare
1311 2843 1495 2907 numquam

290 2908 438 2971 desistat.
483 2908 599 2972 Amen.

335 2994 545 3058 Zizaniorum
566 2998 903 3078 superseminatorem
925 3019 945 3061 a
966 2998 1062 3062 uobis
1084 3000 1200 3080 procul
1224 2997 1380 3082 repellat.
1393 3007 1427 3061 et
1446 2998 1497 3061 sui

288 3081 380 3144 uerbi
397 3081 521 3165 pabulo
536 3103 596 3146 uos
612 3084 837 3149 indesinenter
851 3084 984 3151 reficiat.
1032 3086 1148 3155 Amen.

335 3168 384 3233 Ut
421 3190 498 3232 cum
537 3172 608 3233 dies
648 3172 759 3235 iudicii
798 3172 972 3236 aduenerit
1009 3194 1029 3236 a
1067 3174 1217 3255 reprobis
1253 3173 1431 3255 separati.
1454 3174 1497 3237 ad

290 3257 467 3320 dexteram
496 3258 614 3321 iudicis
644 3259 831 3323 sistamini.
850 3271 884 3323 et
910 3259 1143 3324 beatissimo
1134 3262 1238 3344 ipsius
1265 3280 1370 3343 regno
1396 3259 1498 3324 collo-

290 3343 420 3406 cemini
466 3345 583 3409 Amen.

335 3430 469 3513 Quod
459 3452 530 3514 rpse
554 3442 701 3514 prestare
724 3434 888 3515 dignetur.

718 3664 918 3729 Dourmcn
941 3662 1077 3729 Snxrn.

363 3799 432 3862 Eus
457 3801 514 3881 qui
537 3822 628 3864 mare
651 3802 718 3865 suis
740 3802 882 3903 pedibus
905 3801 983 3866 fecit
999 3824 1072 3867 esse
1087 3804 1271 3871 calcabile
1288 3806 1385 3870 uobis
1408 3806 1499 3889 quic·

407 3887 487 3969 quid
511 3898 562 3952 est
585 3890 725 3953 noxium
749 3890 821 3972 ipse
841 3890 1042 3955 substernat
1087 3894 1204 3959 Amen.

336 3972 528 4038 Contrarios
547 3976 785 4040 inmundorum
810 3978 986 4059 spirituum
1011 3990 1123 4044 motus
1153 3989 1358 4062 conpescat.
1376 3988 1410 4044 et
1436 4000 1498 4044 uos

292 4062 325 4124 in
351 4080 411 4124 sua
438 4082 520 4144 pace
545 4063 727 4127 confirmet.
772 4065 887 4128 Amen.

335 4147 450 4214 Crucis
466 4170 545 4213 suae
562 4170 639 4213 naur
649 4148 763 4216 mter
778 4154 896 4215 mundi
912 4152 1092 4217 fluctrbus
1106 4152 1307 4238 gubernat4.
1325 4163 1359 4217 et
1375 4174 1409 4217 m
1420 4154 1498 4219 lrtus

289 4236 409 4299 beatae
439 4237 700 4322 perhennitastis
725 4241 895 4321 perducat.
940 4240 1056 4304 Amen.
1334 4241 1497 4324 [fol.12v

335 4323 468 4406 Quod'
459 4344 531 4404 rpse
550 4338 698 4406 prestare
721 4328 886 4409 dignetur.

356 4493 363 4521 ¹
382 4492 438 4542 The
449 4492 502 4543 first
513 4494 619 4557 syllable
631 4496 661 4547 ol
670 4496 719 4547 this
730 4498 799 4547 word
813 4497 834 4545 is
845 4496 891 4547 lest
903 4505 947 4548 out
959 4499 985 4548 iu
997 4498 1040 4550 the
1052 4499 1110 4551 MS.

352 4557 362 4585 ²
378 4557 423 4621 leg.
437 4559 530 4610 nauim.
729 4562 739 4591 ³
756 4564 799 4626 leg.
814 4563 913 4615 fluctus.
1168 4567 1177 4593 ⁴
1195 4567 1237 4630 leg.
1250 4567 1381 4631 gubernet.
