3375 5250
576 405 632 453 DE
653 405 764 454 MISSA
788 404 1016 455 EPISCOPALI.

602 975 666 1057 [Du
689 979 793 1039 Mrssa
816 974 1033 1058 Bursaonum]

236 1130 331 1209 [Ordo
352 1126 575 1204 processionis.
592 1126 617 1186 si
638 1127 762 1203 quando
783 1124 954 1203 Episcopus
983 1124 1097 1186 festinis
1127 1123 1233 1185 diebus
1261 1124 1323 1205 [fol.
1341 1128 1408 1186 81v.

194 1210 317 1270 missam
338 1210 489 1269 celebrare
511 1207 662 1268 uoluerit.
679 1205 721 1267 ita
742 1219 775 1267 ut
796 1208 834 1266 ab
856 1206 988 1284 antiquis
1009 1206 1143 1283 patribus
1168 1205 1407 1267 occidentalium

195 1290 381 1352 institutione
397 1302 442 1349 est
455 1289 637 1349 constitutus
653 1336 659 1349 .
677 1289 726 1347 hic
741 1287 849 1348 adesse
862 1286 995 1349 cernitur
1008 1290 1143 1364 scriptus.

237 1375 400 1449 Postquam
421 1370 516 1448 prima
537 1373 610 1430 hora
630 1368 782 1430 celebrata
801 1370 889 1429 fuerit
910 1369 940 1429 in
963 1382 1116 1430 conuentu
1142 1370 1266 1429 fratrum
1282 1414 1290 1431 .
1306 1368 1411 1447 quod1

194 1454 275 1531 apud
304 1453 450 1530 quosdam
479 1450 643 1528 capitulum
665 1462 877 1527 nuncupatur.
896 1470 914 1510 a
936 1452 1053 1511 decano
1076 1452 1125 1510 uel
1153 1459 1278 1509 cantore
1302 1451 1410 1529 singuli

195 1534 234 1595 ad
259 1534 379 1594 missam
401 1532 563 1593 ministeria
590 1533 684 1592 acturi
705 1530 877 1591 destinandi
899 1543 975 1593 sunt
1016 1534 1056 1592 Et
1080 1551 1150 1591 cum
1175 1529 1410 1592 tintinnabulum

195 1616 236 1677 ad
256 1615 380 1675 terciam
403 1614 534 1673 sonuerit
549 1661 556 1675 .
571 1632 677 1673 omnes
699 1612 786 1672 simul
808 1613 911 1672 fratres
939 1613 970 1672 in
1002 1614 1127 1673 chorum
1151 1611 1313 1673 ordinatim
1339 1632 1412 1673 con-

197 1696 298 1757 uenire
326 1696 461 1757 debent.
477 1694 680 1755 humeralibus
708 1706 738 1755 et
766 1693 862 1755 albis.
880 1694 962 1771 apud
990 1694 1138 1771 quosdam
1167 1703 1268 1753 autem
1300 1695 1411 1754 casulis

200 1777 306 1839 induti.

239 1858 297 1920 Sed
322 1856 546 1936 processionem
571 1876 672 1916 coram
703 1854 850 1933 episcopo
879 1855 990 1916 acturis
1005 1875 1046 1915 .a
1075 1858 1204 1917 custode
1227 1856 1354 1935 ecclesie
1379 1857 1411 1916 in

198 1940 327 2000 sacrario
342 1950 519 1999 ornamenta
539 1938 693 2014 prebenda
714 1948 804 1997 sunt.
823 1936 999 1998 Presbiteris
1021 1937 1140 1998 duobus
1162 1937 1214 2015 qui
1233 1936 1410 2015 episcopum

199 2020 317 2082 ducturi
353 2030 423 2080 sunt
457 2039 553 2097 cappe
568 2062 575 2079 .
592 2017 770 2079 diaconibus
805 2020 882 2095 stole
910 2028 941 2078 et
974 2017 1136 2095 dalmatice
1152 2064 1159 2078 .
1175 2017 1411 2080 subdiaconibus

200 2122 273 2163 uero
288 2101 343 2162 sibi
357 2119 489 2178 congrue
504 2111 619 2161 uestes.
633 2120 693 2178 que
708 2098 789 2177 apud
804 2099 951 2175 quosdam
964 2100 1185 2160 subdiaconiles
1199 2099 1409 2163 nominantur.

199 2196 231 2245 et
252 2184 392 2260 mappale
416 2181 448 2241 in
469 2180 586 2241 sinistra
607 2200 699 2241 manu
721 2182 841 2258 ferende
856 2226 864 2241 .
880 2181 996 2241 acolitis
1018 2181 1260 2244 candelabra.et
1282 2182 1412 2244 turibula

201 2262 391 2343 portaturus⁹
405 2266 513 2341 casule.

243 2345 302 2406 His
316 2364 386 2405 cum
403 2342 501 2404 induti
518 2341 627 2403 fuerint
641 2388 649 2402 .
663 2342 780 2403 acolitis
799 2342 981 2408 candelabra
999 2341 1187 2420 portantibus
1207 2346 1412 2407 subdiaconus

200 2425 414 2488 archidiacono
435 2424 624 2503 euangelium
654 2426 710 2484 fert
738 2423 769 2482 in
791 2423 893 2483 medio
914 2424 1035 2483 stante³
1055 2435 1138 2484 extra
1165 2427 1325 2487 sacrarium
1347 2428 1411 2488 siue

201 2508 279 2569 intra
294 2507 344 2567 ubi
359 2526 391 2567 se
411 2506 547 2585 pontifex
566 2517 672 2583 parat.
688 2516 767 2565 retro
784 2503 901 2564 acolitis
917 2504 1078 2564 ordinatim
1098 2507 1238 2566 standum
1253 2521 1320 2570 est.
1339 2512 1412 2570 Duo

202 2600 302 2651 autern
325 2588 481 2667 presbiteri
502 2590 543 2648 ita
564 2599 597 2648 ut
618 2587 657 2648 ad
686 2585 807 2646 missam
830 2597 959 2663 excepto
981 2588 1062 2663 quod
1091 2587 1196 2666 cappis
1220 2588 1317 2652 induti
1342 2602 1412 2652 sunt

204 2671 304 2732 uestiti
317 2691 378 2731 una
392 2691 462 2732 cum
480 2669 529 2729 vii.
546 2667 724 2729 diaconibus
746 2686 848 2728 coram
862 2668 1007 2745 episcopo
1022 2678 1153 2730 stantes.
1170 2670 1339 2733 ministrent
1360 2674 1411 2734 ei.

204 2762 361 2814 cantantes
381 2772 451 2813 cum
472 2751 525 2811 illo
547 2749 596 2809 vii.
619 2752 750 2826 psalmos
771 2768 840 2808 cum
859 2750 979 2826 letania.
1021 2749 1123 2810 Tertia
1143 2770 1214 2812 uero
1236 2773 1255 2813 a
1273 2754 1411 2814 fratribus

204 2833 327 2911 impleta
342 2877 349 2892 .
365 2833 533 2911 procedunt
546 2829 667 2891 diaconi
682 2831 720 2890 de
740 2829 868 2890 sacrario
891 2829 1061 2890 diuidentes
1084 2850 1117 2891 se
1139 2831 1168 2891 in
1192 2835 1266 2894 duas
1288 2848 1408 2927 partes.

205 2927 332 2992 quatuor
353 2916 393 2976 ad
416 2916 591 2975 dexteram.
608 2924 666 2972 tres
690 2911 728 2971 ad
751 2909 921 2972 sinistram.
940 2912 979 2971 Et
1000 2924 1073 2971 tunc
1089 2916 1232 2990 procedat
1252 2934 1411 2994 episcopus

206 3007 325 3074 stetque
349 3015 387 3056 ex
411 2997 504 3055 choro
529 2993 572 3053 sic
601 3012 695 3069 prope
719 2994 798 3053 adeo
820 3004 853 3052 ut
880 2992 994 3051 cantori
1016 3012 1107 3052 manu
1135 2993 1260 3056 innuere
1288 2999 1409 3060 ualeat.

207 3077 264 3140 Cui
279 3077 368 3137 etiam
385 3075 532 3137 silendum
551 3086 596 3134 est
617 3092 775 3151 usquequo
795 3073 957 3151 episcopus
978 3087 1100 3134 cantare
1121 3074 1267 3139 iusserit.
1292 3079 1412 3139 Dehinc

207 3157 350 3218 innuente
378 3158 522 3235 episcopo
545 3164 681 3216 cantetur
702 3154 840 3215 introitus
856 3201 864 3214 .
879 3167 909 3214 et
931 3155 1068 3230 pontifex
1092 3175 1111 3215 a
1132 3160 1259 3219 custode
1286 3159 1412 3237 ecclesie

207 3239 259 3317 qui
273 3240 342 3299 alba
360 3240 481 3298 indutus
502 3255 567 3297 esse
586 3237 678 3296 debet
691 3283 697 3295 .
710 3235 867 3296 incensum
881 3234 1032 3313 accipiens
1046 3249 1139 3313 ponat
1153 3237 1184 3297 in
1201 3239 1360 3300 turibulum
1384 3255 1413 3300 et

206 3320 476 3380 archisubdiacono
497 3328 673 3396 apportante
695 3316 886 3395 euangelium
914 3317 1126 3394 complicatum
1154 3321 1324 3382 osculetur.
1342 3325 1413 3398 Quo

208 3413 309 3462 tamen
329 3421 349 3461 a
369 3402 519 3478 plerisque
539 3400 675 3459 reuoluto
695 3397 769 3458 illud
790 3397 979 3475 euangelium
1000 3400 1083 3475 quod
1110 3400 1161 3461 illo
1181 3402 1232 3461 die
1252 3404 1412 3480 legendum

205 3492 252 3542 est
272 3484 431 3543 osculatur.

251 3563 310 3623 His
332 3563 458 3639 expletis
482 3580 552 3620 curn
580 3560 710 3637 psalmus
738 3569 876 3619 cantatur
902 3558 1045 3621 innuente
1073 3561 1217 3638 episcopo
1251 3567 1414 3640 precedant

208 3643 311 3704 acoliti
344 3663 414 3704 cum
439 3641 647 3702 candelabris.
664 3642 793 3719 primum
823 3660 899 3700 unus
914 3686 921 3702 .
938 3653 1011 3700 tunc
1040 3641 1101 3701 duo
1122 3654 1152 3702 et
1179 3645 1241 3704 duo
1261 3687 1268 3702 .
1288 3658 1318 3705 et
1345 3648 1414 3706 sub—

209 3725 328 3785 diaconi
350 3724 505 3784 similiter.
522 3722 656 3800 protinus
678 3720 798 3783 diaconi
820 3721 974 3782 secuturi.
990 3725 1030 3782 Et
1051 3723 1094 3782 sic
1114 3726 1257 3800 procedat
1274 3730 1414 3789 sacerdos

210 3806 241 3866 in
261 3807 386 3865 chorum
408 3803 586 3865 ducentibus
608 3822 675 3863 eum
696 3802 815 3862 duobus
837 3800 1028 3879 presbiteris.
1044 3823 1120 3881 quos
1141 3807 1245 3884 cappis
1267 3806 1327 3867 iam
1345 3822 1415 3870 ante

209 3886 391 3965 prediximus
414 3904 479 3947 esse
501 3884 621 3945 indutos
636 3929 643 3941 .
658 3885 722 3944 siue
743 3896 775 3944 ut
796 3882 846 3942 alii
867 3885 974 3944 uolunt
996 3883 1192 3960 diaconibus3
1215 3889 1307 3964 Apud
1329 3908 1416 3966 quos-

210 3970 281 4029 dam
301 3978 401 4028 autem
422 3967 453 4026 in
474 3967 531 4025 hac
552 3965 744 4042 processione
765 3964 829 4024 aliis
849 3964 1082 4026 subdiaconibus
1102 3968 1415 4044 precedentibus.ille

210 4049 261 4127 qui
285 4049 445 4109 lectionem
469 4049 599 4108 lecturus
624 4058 669 4106 est
691 4065 761 4106 cum
790 4046 947 4124 euangelio
967 4058 1046 4107 retro
1070 4046 1214 4109 diaconos
1238 4049 1415 4130 episcopum

210 4129 364 4208 precedit.
383 4131 494 4191 Coram
522 4146 583 4204 quo
599 4171 606 4187 .
622 4128 684 4188 duo
712 4126 831 4188 accoliti
860 4147 928 4186 cum
956 4129 1143 4189 candelabris
1158 4175 1166 4190 .
1181 4149 1318 4209 unusque
1346 4153 1412 4194 cum

210 4211 342 4271 turibulo
361 4209 564 4271 antecedant.
581 4209 698 4285 Quibus
721 4208 824 4286 utique
847 4208 879 4266 in
900 4209 960 4268 hoc
981 4209 1230 4272 consentiendum
1246 4232 1313 4274 esse
1333 4218 1417 4275 uolu-

211 4312 298 4352 mus.
317 4290 412 4369 Igitur
446 4302 479 4351 ut
512 4289 610 4350 omnis
636 4288 788 4367 processio
816 4287 848 4348 in
876 4290 1001 4348 chorum
1036 4292 1171 4353 uenerit.
1187 4295 1307 4354 accoliti
1345 4317 1415 4356 cum

210 4372 397 4434 candelabris
419 4391 450 4432 se
474 4371 609 4431 diuidant
626 4417 633 4430 .
649 4370 700 4431 iiii.
716 4370 829 4430 scilicet
850 4368 881 4429 in
902 4370 1070 4432 dexteram.
1086 4383 1116 4434 et
1136 4372 1178 4435 iii.
1196 4375 1226 4434 in
1246 4377 1393 4438 sinistram
1413 4427 1422 4442 .

308 4503 315 4531 ¹
335 4503 461 4552 Mabillon
474 4502 546 4551 reads
557 4502 612 4565 qui.
758 4501 768 4530 ¹
784 4503 828 4566 leg.
849 4501 993 4566 portaturis.
1144 4503 1153 4532 ³
1169 4505 1213 4569 leg.
1231 4508 1318 4558 stanti.
