3375 5250
303 396 334 444 14
610 384 930 434 BENEDICTIONES
948 384 1206 436 EPISCOPALES.

304 555 338 608 et
376 565 510 609 omnem
549 545 773 628 egritudinem
812 546 983 628 corporis.
1000 545 1090 608 unde
1127 546 1256 610 unxisti
1297 547 1510 610 sacerdotes.

304 652 399 714 reges
414 683 421 696 .
438 632 619 714 prophetas
636 683 643 696 .
660 643 695 697 et
725 642 911 715 martyres.
929 634 1051 695 crisma
1083 642 1180 696 tuum
1211 631 1396 716 perfectum
1427 655 1448 697 a
1477 642 1512 697 te

303 721 439 782 domine
455 719 670 783 benedictum
684 767 691 784 .
705 730 901 802 permaneat
916 721 950 782 in
966 719 1149 782 uisceribus
1163 720 1305 784 nostris.
1320 721 1354 784 in
1373 721 1512 785 nomine

305 807 433 870 domini
457 809 561 870 nostri
584 806 678 870 ihesu
702 808 830 870 christi.

347 893 424 956 Hac
443 894 588 957 oratione
607 894 711 978 finita
726 902 890 975 ‚ponatur
913 895 1015 958 oleum
1042 893 1251 978 infirmorum
1273 905 1374 976 supra
1394 897 1511 959 colum·

304 1001 381 1044 nam
417 980 582 1063 quandam
611 1002 666 1045 seu
702 981 808 1045 altare
830 1031 837 1044 .
861 989 894 1044 et
916 981 1067 1064 pontifex
1095 980 1183 1044 dicat
1211 1002 1269 1062 per
1297 1003 1398 1066 quem
1428 983 1512 1046 haec

303 1068 416 1130 omnia
440 1069 747 1151 domine.semper
776 1065 889 1131 bonal
936 1069 999 1130 Per
1031 1069 1146 1131 omnia
1172 1069 1284 1133 secula
1313 1069 1511 1133 seculorum.

304 1155 347 1224 lc.
407 1155 530 1219 Amen.
585 1157 635 1220 Et
670 1156 832 1238 pontifex.
879 1155 1031 1219 Oremus.
1085 1155 1254 1238 Preceptis
1300 1157 1511 1221 salutaribus.

304 1241 355 1304 Et
388 1242 583 1306 dominicam
619 1243 794 1306 orationem
824 1250 921 1324 atque
949 1240 1107 1324 Libe[ra].
1164 1243 1226 1305 Per
1254 1244 1369 1306 omnia
1398 1244 1512 1307 secula

304 1331 500 1392 seculorum.
538 1331 580 1394 R..
627 1331 750 1394 Amen.
797 1329 848 1392 Et
863 1330 1017 1411 pontifex
1039 1330 1135 1392 tacite
1160 1330 1270 1411 signet
1287 1331 1416 1394 calicem
1438 1351 1511 1394 curn

302 1417 408 1479 oblata
436 1417 636 1499 sanctificata
660 1466 667 1480 .
690 1418 778 1481 nrrllo
807 1416 1017 1498 respondente.
1065 1415 1208 1479 Diaconi
1231 1438 1307 1480 uero
1334 1418 1515 1499 cooperiant

300 1511 502 1566 sacramenta
517 1505 552 1568 in
570 1505 682 1568 altare.
719 1502 919 1567 Ascendente
933 1513 1039 1566 autem
1048 1503 1201 1588 pontifice
1211 1503 1260 1567 ad
1272 1504 1377 1568 sedern
1395 1525 1511 1568 suam.

301 1589 544 1654 archidiaconus
561 1590 689 1655 accedat
703 1612 774 1654 cum
792 1591 962 1654 crismate.
975 1591 1152 1672 ampullam
1167 1612 1302 1656 auream
1319 1613 1392 1655 cum
1407 1592 1513 1675 pallio

303 1677 374 1741 albo
400 1677 518 1741 labens
540 1679 575 1742 in
598 1699 699 1741 marm
721 1699 790 1741 sua.
836 1679 887 1741 Et
910 1677 998 1741 illud
1008 1678 1150 1760 pallium
1174 1680 1306 1742 mittens
1335 1681 1395 1763 lex
1416 1689 1516 1763 parte

302 1777 403 1845 snpra
420 1764 593 1829 dexteram.
635 1765 798 1846 Stansque
818 1775 896 1828 ante
912 1764 1096 1849 pontificem
1113 1810 1120 1826 .
1136 1774 1168 1828 et
1188 1787 1297 1830 omnes
1341 1763 1412 1850 [fol.
1440 1767 1509 1831 18v.

294 1852 489 1933 presbiteri.
506 1862 538 1916 et
554 1852 683 1916 diaconi
703 1854 738 1914 in
760 1852 897 1914 circuitu
917 1852 994 1915 eius.
1032 1852 1083 1915 Et
1095 1853 1249 1936 pontifex
1264 1852 1370 1917 tribus
1387 1853 1512 1918 ciuilius

301 1940 440 2023 sufflans
461 1939 642 2004 anlrelaua’o
664 1941 699 2002 in
721 1938 900 2020 ampullam
924 1939 959 2002 in
984 1939 1115 2002 modum
1138 1941 1262 2005 cruces·
1279 1951 1417 2024 tangens
1439 1961 1510 2004 eam

303 2046 404 2088 rnanu
435 2047 496 2089 sua
511 2076 518 2090 .
534 2026 623 2090 dicet
656 2047 772 2089 sonora
808 2047 887 2088 uoce.
924 2027 1089 2089 Dominus
1125 2028 1296 2094 nodutum.
1342 2027 1388 2091 Et
1422 2043 1508 2090 cum.

304 2112 449 2176 Sursum
471 2114 576 2177 eorda.
624 2113 807 2176 Habemus.
853 2113 1026 2196 Grati[as].
1073 2113 1234 2196 Dignum.

307 2205 397 2336 (D
414 2213 528 2264 eterne
558 2201 737 2282 deus.q,ui
768 2199 801 2262 in
832 2201 995 2282 principio
1030 2201 1117 2264 inter
1149 2210 1261 2265 cetera
1291 2201 1452 2267 bonitatis
1477 2211 1511 2267 et

1526 5 1529 7 ·
1552 3 1637 14 ‘'u-'vv

448 2289 583 2371 pietatis
606 2299 663 2364 tue
687 2307 848 2351 munera.
865 2296 988 2350 terram
1022 2288 1204 2368 producere
1224 2287 1394 2353 fructifera
1418 2291 1511 2372 ligna
1578 2325 1580 2328 >

303 2376 555 2440 iussisti.inter
581 2395 645 2456 que
675 2374 774 2437 buius
804 2375 1017 2456 pinguissimi
1050 2375 1188 2455 liquoris
1219 2377 1391 2441 ministrae
1420 2378 1511 2455 oliue

303 2471 534 2528 nascerentur.
549 2482 690 2544 quarum
711 2462 837 2524 fructus
858 2482 954 2524 sacro
977 2461 1174 2539 chrismate†
1192 2464 1382 2527 deseruiret.
1418 2463 1509 2527 Nam

303 2563 338 2614 et
376 2549 478 2614 dauid
517 2549 713 2632 prophetico
751 2549 868 2632 spiritu
903 2551 1030 2631 gratiae
1068 2559 1147 2612 tuae
1184 2560 1394 2614 sacramenta
1435 2571 1509 2634 pre-

303 2659 466 2701 noscens.
483 2637 595 2699 uultus
617 2647 749 2699 nostros
772 2639 805 2698 in
830 2636 906 2699 oleo
931 2636 1169 2701 exhilarandos
1192 2657 1264 2701 esse
1284 2639 1458 2703 cantauit.
1474 2647 1510 2706 et

303 2747 379 2790 cum
404 2725 520 2788 mundi
540 2724 679 2787 crimina
701 2724 829 2787 diluuio
849 2726 1020 2806 quondam
1039 2725 1257 2806 expiarentur
1271 2724 1378 2788 effuso
1393 2772 1402 2789 .
1417 2724 1508 2788 simi·

303 2812 479 2877 litudinem
516 2811 616 2873 futuri
653 2812 799 2873 muneris
836 2811 992 2874 columba
1029 2813 1363 2895 demonstranS.per
1399 2813 1508 2876 oliuae

302 2920 431 2964 ramum
458 2919 576 2981 pacem
603 2896 716 2979 [terris
740 2898 906 2961 redditam
935 2900 1112 2963 nuntiauit.
1158 2898 1260 2986 Quod
1284 2900 1318 2962 in
1364 2895 1434 2985 [fol.
1461 2916 1509 2982 19.

304 2987 494 3051 nouissimis
525 2984 733 3067 temporibus
765 2985 951 3048 manifestis
982 2996 1033 3049 est
1068 2985 1242 3050 effectibus
1280 2985 1507 3051 declaratum.

301 3095 378 3137 cum
410 3073 622 3155 baptismatis
653 3073 748 3154 aquis
771 3073 922 3136 omnium
954 3074 1129 3138 criminum
1160 3074 1341 3137 commissa
1366 3074 1508 3137 delenti·

301 3162 387 3225 bus.
404 3160 487 3223 haec
507 3159 572 3223 olei
591 3161 705 3222 unctio
726 3160 838 3222 uultus
855 3170 987 3223 nostros
1003 3159 1164 3225 iocundos
1186 3161 1286 3224 efficit
1301 3181 1341 3225 ac
1355 3180 1508 3225 serenos

304 3249 389 3311 Inde
419 3247 521 3310 etiam
553 3246 661 3329 moysi
692 3246 819 3308 famulo
846 3256 906 3309 tuo
936 3249 1133 3311 mandatum
1170 3248 1372 3313 dedisti.ut
1406 3247 1508 3312 dalton

302 3336 438 3398 fratrem
457 3353 555 3396 suum
575 3334 666 3416 prius
688 3353 776 3415 aqua
796 3333 903 3396 lotum
925 3355 984 3416 per
1005 3334 1205 3398 infusionem
1227 3336 1325 3398 huius
1345 3337 1508 3418 unguenti

300 3423 519 3486 constitueret
541 3421 759 3485 sacerdotem.
804 3420 961 3485 Accessit
976 3421 1019 3485 ad
1039 3421 1103 3484 hoc
1126 3422 1270 3503 amplior
1283 3423 1391 3486 honor
1405 3468 1414 3487 .
1429 3442 1506 3486 cum

302 3509 389 3572 filius
420 3518 497 3572 tuus
533 3507 644 3571 ihesus
675 3507 817 3571 christus
848 3509 1005 3571 dominus
1036 3519 1150 3571 noster
1179 3509 1283 3572 lauari
1314 3530 1335 3572 a
1364 3510 1509 3573 iohanne

301 3597 400 3660 undis
443 3595 621 3658 iordanicis
658 3596 901 3678 exegisset.et
943 3596 1061 3677 spiritu
1099 3606 1217 3659 sancto
1259 3596 1293 3658 in
1331 3597 1508 3659 columbae

261 3732 267 3749 .
301 3683 520 3747 similitudine
557 3683 701 3766 desuper
744 3682 1096 3765 misso.unigenitum
1135 3692 1230 3745 tuum
1268 3684 1303 3745 in
1340 3703 1408 3765 quo
1445 3682 1507 3747 tibi

299 3772 428 3854 optime
458 3770 639 3852 placuisset
668 3770 864 3833 testimonio
893 3770 1130 3852 subsequentis
1161 3769 1254 3833 uocis
1287 3772 1505 3834 ostenderes.

300 3867 336 3922 et
362 3858 427 3921 hoc
450 3856 531 3919 illud
556 3876 628 3919 esse
648 3856 918 3920 manifestissime
939 3858 1176 3939 comprobares
1192 3906 1199 3921 .
1215 3858 1307 3939 quod
1330 3877 1407 3920 eum
1431 3857 1508 3921 oleo

300 3944 427 4009 letitiae
478 3964 536 4025 pre
582 3943 791 4006 consortibus
835 3940 927 4007 suis²
965 3946 1158 4025 ungendum
1195 3944 1296 4007 dauid
1343 3944 1508 4027 propheta

300 4032 482 4095 cecinisset.

344 4118 395 4183 Te
433 4118 534 4199 igitur
570 4117 789 4198 deprecamur
831 4118 968 4181 domine
1005 4126 1121 4181 sancte
1158 4128 1254 4201 pater
1291 4120 1506 4201 omnipotens

299 4216 436 4269 aeterne
459 4205 540 4267 deus
557 4253 564 4268 .
581 4224 640 4285 per
662 4204 806 4266 eundem
831 4206 980 4289 fihesum
1002 4205 1163 4268 christum
1187 4205 1291 4269 filium
1337 4202 1409 4292 [fol.
1437 4225 1508 4289 19v.

300 4304 395 4357 tuum
434 4292 609 4355 dominum
647 4300 797 4355 nostrum
815 4340 821 4355 .
839 4302 877 4355 ut
917 4293 1015 4356 huius
1055 4302 1226 4358 creaturae
1269 4293 1506 4376 pinguedinem

388 4468 395 4496 ¹
414 4468 439 4516 A
451 4466 516 4516 later
527 4466 596 4515 hand
608 4464 654 4516 has
665 4465 778 4516 inserted
790 4482 873 4531 usque.
1070 4466 1081 4495 ²
1098 4467 1243 4534 Originally
1254 4468 1355 4519 written
1364 4473 1424 4536 tuis.

1639 3 1663 183 l
