3375 5250
314 383 361 445 146
713 382 970 435 CONSECRATIO
990 381 1111 431 REGIS.

314 542 357 605 de
387 563 454 625 quo
485 544 652 627 propheta
681 541 785 611 dauid
812 542 955 608 cecinit.
971 543 1070 607 sedes
1095 550 1155 605 tua
1180 542 1265 606 deus
1291 542 1325 605 in
1352 540 1524 605 saeculum

314 631 437 695 saeculi
453 679 461 695 .
477 632 573 715 uirga
591 641 683 696 recta
705 630 882 712 est.uirga
902 630 996 712 regni
1016 629 1066 694 tui
1081 677 1088 693 .
1106 629 1153 693 Et
1177 629 1308 694 imitare
1331 629 1442 711 ipsum
1465 628 1525 710 qui

315 716 420 783 dicit.
440 718 562 801 diligas
585 718 747 783 iustitiam
770 725 804 782 et
827 717 907 781 odio
930 715 1057 780 habeas
1083 716 1324 799 iniquitatem.
1346 725 1526 799 propterea

313 805 414 870 unxit
443 808 478 869 te
507 808 591 869 deus
621 806 705 870 deus
734 815 812 869 tuus
828 851 836 868 .
852 802 928 869 oleo
956 802 1109 868 letitiae.
1128 803 1172 867 ad
1203 802 1398 887 exemplum
1433 801 1525 864 illius

312 910 414 972 quem
426 902 506 958 ante
517 891 629 957 secula
645 902 789 957 unxerat
805 910 864 975 pre
879 890 1098 975 participibus
1113 890 1182 954 suis
1195 890 1344 957 ,ihesum
1360 890 1524 954 christum

312 979 487 1043 dominum
511 990 671 1045 nostrum.
1195 1008 1198 1014 ·

705 1200 797 1264 Tunc
817 1197 948 1263 dentur
970 1196 1147 1263 benedictio.

382 1355 537 1423 Xtendat
559 1355 772 1441 omnipotens
788 1355 947 1420 dominus
962 1353 1138 1420 dexteram
1154 1376 1235 1420 suae
1258 1356 1502 1422 benedictionis
1518 1408 1527 1421 .

425 1453 460 1508 et
488 1442 642 1509 effundat
672 1464 774 1528 super
803 1441 837 1507 te
869 1442 995 1506 donum
1025 1462 1106 1506 suae
1136 1444 1354 1526 protectionis
1374 1455 1433 1509 .et
1462 1446 1527 1509 cir-

313 1530 450 1595 cumdet
491 1540 526 1595 te
561 1551 658 1595 muro
693 1530 892 1594 felicitatis.
915 1549 956 1593 ac
993 1530 1147 1594 custodia
1189 1551 1270 1595 suae
1315 1534 1526 1614 propitiatio-

313 1615 380 1696 lnis
403 1666 410 1681 .
433 1628 571 1689 sanctae
600 1618 726 1682 mariae
746 1664 754 1681 .
773 1637 813 1681 ac
843 1617 934 1681 beati
965 1616 1050 1698 petri
1080 1617 1311 1699 apostolorum
1341 1616 1525 1701 [lol.168v.

312 1704 471 1787 principis
486 1754 494 1771 .
509 1706 684 1788 sanctique
702 1704 846 1788 gregorii
869 1702 1045 1786 anglorum
1061 1706 1237 1787 apostolici
1253 1714 1356 1788 atque
1370 1708 1523 1771 omnium

312 1801 504 1856 sanctorum
520 1792 803 1858 intercedentibus
827 1791 962 1855 meritis.
1007 1791 1124 1855 Amen.

357 1878 539 1962 Indulgeat
561 1880 622 1945 tibi
645 1880 802 1944 dominus
817 1879 933 1943 omnia
954 1878 1043 1942 mala
1064 1899 1151 1961 quae
1173 1879 1307 1961 gessisti
1320 1932 1327 1945 .
1340 1889 1375 1945 et
1395 1881 1524 1946 tribuat

311 1964 372 2029 tibi
395 1968 539 2050 gratiam
562 1977 596 2032 et
616 1967 896 2031 misericordiam.
911 1985 1014 2047 quam
1037 1965 1208 2030 humiliter
1223 1966 1266 2030 ab
1282 1988 1323 2031 eo
1342 1968 1522 2050 deposcis.

311 2060 346 2117 et
360 2052 478 2119 liberet
494 2064 528 2119 te
543 2055 587 2118 ab
602 2055 864 2119 aduersitatibus
879 2054 1008 2117 cunctis
1022 2102 1030 2117 .
1046 2062 1081 2116 et
1096 2052 1140 2117 ab
1156 2054 1312 2118 omnibus
1335 2056 1519 2120 uisibilium

310 2148 344 2203 et
366 2141 583 2206 inuisibilium
607 2142 815 2206 inimicorum
838 2140 976 2204 insidiis.
1021 2140 1138 2204 Arnen.

353 2226 508 2311 Angelos
538 2249 616 2293 suos
646 2228 754 2293 bonos
784 2247 917 2311 semper
946 2235 981 2291 et
1010 2228 1134 2309 ubique
1164 2228 1221 2310 qui
1251 2230 1285 2293 te
1312 2232 1519 2312 precedant.

311 2314 512 2380 comitentur
548 2327 582 2381 et
620 2317 887 2399 subsequantur.
903 2314 947 2378 ad
978 2316 1165 2379 custodiam
1197 2316 1246 2379 tui
1279 2327 1407 2398 ponat.
1424 2328 1459 2382 et
1496 2341 1519 2382 a

309 2412 448 2482 peccato
474 2422 532 2467 seu
555 2402 670 2486 gladio
692 2414 726 2468 et
749 2402 792 2467 ab
818 2402 970 2466 omnium
997 2402 1218 2485 periculorum
1245 2402 1436 2469 discrimine
1456 2426 1521 2470 sua

309 2490 461 2571 potentia
483 2489 613 2555 liberet.
658 2491 774 2555 Amen.

353 2575 513 2642 Inimicos
534 2588 611 2643 tuos
634 2578 677 2643 ad
700 2578 793 2661 pacis
816 2575 1036 2659 karitatisque
1056 2574 1300 2660 benignitatem
1316 2588 1515 2645 conuertat.

308 2670 343 2727 et
365 2663 464 2728 bonis
486 2666 642 2730 omnibus
662 2675 696 2730 te
718 2665 904 2747 gratiosum
927 2675 962 2729 et
984 2663 1165 2728 amabilem
1186 2664 1288 2730 saciat
1303 2715 1311 2732 .
1326 2669 1517 2751 pertinaces

308 2771 442 2833 quoque
465 2753 499 2816 in
522 2753 571 2816 tui
594 2754 815 2817 insectatione
837 2762 872 2816 et
894 2752 974 2817 odio
996 2751 1190 2817 confusione
1212 2753 1349 2817 salutari
1372 2755 1514 2821 induat.

308 2858 408 2920 super
430 2838 464 2903 te
488 2849 600 2904 autem
624 2839 846 2904 sanctificatio
872 2839 1077 2922 sempiterna
1099 2837 1226 2904 floreat.
1271 2840 1387 2905 Amen.

352 2925 580 2991 Uictoriosum
599 2925 635 2990 te
658 2937 760 3009 atque
782 2925 1060 3008 triumphatorem
1079 2928 1123 2991 de
1138 2925 1326 3011 [inuisibili
1350 2928 1421 3011 [fol.
1442 2931 1516 3015 169.
1628 2977 1631 2981 -

307 3011 370 3074 bus
386 3021 487 3095 atque
503 3014 690 3078 uisibilibus
713 3013 866 3078 hostibus
884 3034 1017 3095 semper
1032 3012 1153 3078 efficiat
1170 3062 1179 3078 .
1196 3023 1230 3079 et
1245 3017 1352 3079 sancti
1369 3018 1516 3082 nominis

306 3099 358 3162 sui
381 3101 537 3165 timorem
561 3102 686 3183 pariter
708 3111 743 3166 et
765 3120 914 3165 amorem
931 3101 1126 3165 continuum
1142 3103 1234 3165 cordi
1255 3111 1315 3166 tuo
1331 3103 1514 3170 infundat.

306 3194 341 3249 et
364 3185 398 3250 in
426 3186 493 3253 fide
518 3199 631 3254 recta.
648 3209 688 3252 ac
710 3188 807 3252 bonis
830 3187 988 3271 operibus
1013 3187 1292 3269 perseuerabilem
1316 3191 1461 3258 reddat.
1478 3203 1515 3257 et

305 3292 388 3355 pace
411 3275 446 3338 in
472 3275 590 3339 diebus
614 3278 681 3340 tuis
704 3296 889 3340 concessa.
906 3295 983 3338 cum
1005 3274 1120 3359 palma
1142 3275 1303 3340 uictoriae
1322 3286 1357 3341 te
1372 3278 1416 3342 ad
1438 3299 1516 3363 per-

304 3368 445 3442 petuum
468 3383 608 3445 regnum
631 3365 804 3446 perducat.
850 3363 967 3427 Amen.

348 3447 395 3513 Et
417 3449 474 3530 qui
498 3452 532 3514 te
555 3450 662 3514 uoluit
685 3471 785 3534 super
806 3450 969 3533 populum
990 3469 1088 3513 suum
1112 3451 1316 3515 constituere
1335 3466 1518 3534 regem.et

304 3533 338 3598 in
362 3538 531 3618 praesenti
555 3539 671 3615 seculo
687 3538 817 3601 felicem
836 3584 844 3602 .
862 3547 897 3601 et
919 3547 1076 3601 aeternae
1095 3535 1265 3602 felicitatis
1288 3538 1415 3604 tribuat
1437 3561 1513 3606 esse

303 3633 493 3688 consortem
511 3673 519 3690 .
538 3623 640 3707 Quod
656 3626 728 3708 ipse
745 3673 753 3690 .
771 3625 980 3690 Benedictio

811 3882 895 3946 Item
920 3881 999 3945 altu.

306 4037 492 4163 BEnedic
508 4036 645 4101 domine
661 4038 750 4101 hunc
767 4037 933 4120 presulem
949 4036 1134 4120 principem
1149 4037 1207 4120 qui
1230 4058 1334 4119 regna
1356 4040 1509 4104 omnium

403 4145 521 4208 regum
545 4145 565 4188 a
588 4126 722 4191 saeculo
745 4126 935 4189 moderaris.
980 4124 1096 4189 Amen.

345 4211 392 4277 Et
413 4213 473 4276 tali
497 4233 574 4275 eum
601 4213 835 4276 benedictione
862 4210 1037 4294 glorifica.
1055 4221 1093 4275 ut
1115 4211 1262 4276 dauitica
1286 4220 1402 4278 teneat
1427 4216 1508 4278 sub·

298 4299 442 4363 limitate
465 4308 633 4382 sceptrum
661 4300 778 4362 salutis
796 4347 804 4363 .
822 4309 857 4363 et
879 4299 1071 4362 sanctificae
1096 4299 1344 4382 propitiationis
1371 4321 1511 4366 munere

299 4389 483 4470 reperiatur
505 4386 739 4469 locupletatus.
785 4386 905 4449 Amen.

343 4474 397 4538 Da
424 4475 454 4538 ei
483 4494 503 4538 a
534 4484 593 4537 tuo
623 4473 805 4556 spiramine
835 4492 948 4554 regere
978 4471 1140 4556 populum
1157 4522 1164 4538 .
1180 4474 1267 4539 sicut
1296 4472 1508 4540 salomonem
