3375 5250
558 362 814 413 CONSECRATIO
836 359 1056 409 ECCLESIAE.

588 539 695 619 Quam
717 550 873 623 sequatur
897 539 1010 603 aratia.

196 672 334 802 SOlus
355 685 390 741 et
412 676 591 741 ineffabilis
614 698 833 761 supernorum
865 698 926 740 rex
959 676 1095 740 domine
1127 672 1407 740 deus.auxiliare

290 785 472 847 quesumus
495 764 635 829 eclesiae
658 775 807 829 tuae.ut
830 764 1035 846 quicumque
1061 763 1114 826 hic
1139 764 1182 828 ad
1209 762 1343 826 laudem
1372 771 1407 824 et

192 852 437 917 exaltationem
469 853 612 916 nominis
643 853 691 916 tui
723 852 951 915 conueniunt.
967 869 1080 914 sacrae
1110 850 1300 914 deuotionis
1331 868 1407 931 pro·

193 939 307 1004 ficiant
333 939 614 1004 incrementis.et
640 950 700 1004 tuo
726 960 863 1003 munere
886 959 1019 1020 semper
1043 937 1339 1021 gubernentur.et
1362 937 1405 999 ad

193 1025 434 1109 redemptionis
457 1035 593 1090 eternae
616 1028 808 1109 pertineant
831 1036 867 1089 te
889 1026 1035 1089 ducente
1058 1025 1281 1089 consortium.
1293 1043 1360 1106 per.

238 1232 269 1295 T
266 1232 348 1295 ertia
374 1230 527 1315 pontifex
564 1232 711 1316 Spargat
745 1235 893 1315 superius
930 1234 966 1297 in
998 1234 1137 1298 circuitu
1168 1244 1229 1315 per
1261 1232 1407 1315 parietes

188 1320 317 1383 eclesiae
342 1339 458 1383 canens
482 1320 692 1401 antiphonam
715 1320 806 1385 lianc.

234 1438 321 1549 *Qui
347 1465 479 1530 habitat
505 1466 538 1529 in
567 1468 734 1531 adiutorio
756 1468 911 1533 altissimi
936 1469 970 1533 in
998 1470 1207 1553 protectione
1234 1466 1311 1532 dei¹
1339 1467 1403 1532 celi

193 1554 494 1619 commorabitur*.
530 1550 620 1640 [Pe]
639 1554 738 1619 Dicet
762 1556 910 1622 domino.

590 1775 697 1855 Quam
719 1786 876 1859 sequatur
895 1777 1009 1841 oratio.

259 1910 380 1975 Diutor
406 1910 568 1975 altissime
594 1912 677 1975 deus
700 1922 734 1976 et
756 1921 927 1996 protector
949 1912 1101 1978 caelestis
1114 1962 1121 1978 .
1134 1935 1250 1999 preces
1274 1924 1407 1981 nostras

302 2018 484 2081 quesumus
535 1998 717 2063 clementer
765 2000 890 2063 exaudi
906 2049 914 2066 .
930 2001 1094 2083 nobisque
1143 2003 1404 2067 misericordiam

194 2092 288 2146 tuam
311 2085 526 2167 poscentibus
547 2087 712 2150 concedas
745 2097 780 2151 ut
808 2087 1010 2170 quicumque
1030 2089 1117 2153 intra
1143 2091 1287 2173 parietes
1308 2090 1406 2153 huius

193 2168 313 2249 eclesie
345 2173 388 2236 ad
422 2181 456 2235 te
485 2170 717 2255 clasmauerint
734 2220 742 2237 .
758 2175 910 2238 omnium
944 2176 1079 2239 ueniam
1109 2196 1186 2259 pec·
1213 2173 1283 2263 [iol.
1315 2194 1407 2241 101v.

193 2268 345 2322 catorum
369 2267 403 2323 et
425 2260 550 2342 gaudia
572 2261 744 2343 percipere
766 2272 956 2327 mereantur
978 2270 1192 2347 eterna.per.

236 2467 363 2530 Deinde
377 2476 498 2551 pergat
517 2444 675 2549 episcopus
700 2475 794 2530 extra
815 2467 975 2531 ecclesiam
1000 2469 1187 2536 cumomni
1207 2471 1291 2533 scola
1316 2481 1407 2553 spar-

186 2555 291 2705 gquoda
322 2564 371 2618 ter
399 2565 462 2637 per
492 2554 635 2636 parietes
665 2554 700 2617 in
737 2555 876 2617 circuitu
892 2605 898 2617 .
914 2565 946 2618 et
974 2555 1106 2639 desuper
1133 2557 1294 2621 cantando
1322 2558 1409 2621 anti·

187 2653 213 2724 p
254 2663 342 2706 nam.

239 2777 431 2863 *Asperges
447 2799 501 2842 me
517 2779 654 2844 domine
669 2799 778 2862 ysopo
794 2787 829 2842 et
845 2779 1063 2843 mundabou*
1108 2781 1166 2845 Ps.
1186 2781 1362 2848 Miserere.

238 2867 319 2932 Ant.
350 2865 526 2948 *Exurgat
563 2867 645 2930 deus
679 2868 722 2930 ad
750 2866 854 2930 nostri
881 2866 1062 2932 famulatus
1087 2869 1285 2950 obsequium
1313 2871 1405 2935 etin

195 2954 270 3017 loco
291 2964 410 3018 sancto
429 2955 500 3017 eius
520 2953 580 3019 fiat
604 2953 849 3017 benedictionis
873 2956 1124 3037 augmentum*
1172 2957 1229 3022 Ps.
1251 2957 1406 3041 Exurgat

195 3042 286 3105 deus.
699 3083 703 3092 -

234 3128 318 3192 Item
344 3137 412 3194 ant.
467 3128 726 3192 *Fundamenta
755 3127 875 3210 templi
914 3128 1013 3191 huius
1043 3130 1209 3213 sapientia
1239 3151 1300 3195 sua
1331 3131 1403 3197 sun-

194 3217 288 3280 dauit
319 3216 402 3279 deus
433 3215 467 3277 in
498 3235 566 3296 quo
596 3215 770 3279 dominum
802 3215 865 3278 celi
900 3214 1106 3280 conlaudant
1136 3217 1247 3300 angeli
1278 3221 1404 3284 irruant

196 3304 289 3366 uenti
316 3310 351 3366 et
380 3299 509 3365 fluant²
531 3300 671 3366 flumina
696 3322 763 3366 non
795 3312 938 3385 possunt
968 3323 1043 3366 eam
1076 3323 1211 3368 monere
1242 3326 1401 3390 umquam

195 3389 337 3454 fundata
360 3389 449 3453 enim
473 3399 545 3453 erat
567 3409 668 3471 supra
690 3389 852 3472 petram*
896 3389 954 3454 Ps.
979 3389 1238 3456 Fundamenta.8

327 3595 492 3678 Sequatur
513 3594 618 3658 aratio
639 3605 812 3677 antequam
834 3594 1064 3677 ingrediantur
1086 3594 1121 3658 in
1143 3597 1296 3662 eclesiam.

201 3737 336 3862 DEus
357 3738 414 3821 qui
435 3737 531 3801 iacob
550 3735 677 3801 samulo
697 3745 760 3801 tuo
771 3735 939 3818 preelecto
955 3735 1175 3799 ascendentes
1194 3744 1227 3798 et
1243 3735 1403 3801 descend·

309 3834 403 3888 entes
424 3825 458 3887 in
479 3823 738 3906 prefiguratione
761 3832 953 3887 sanctorum
987 3823 1233 3905 predicatorum
1265 3823 1403 3904 angelos

196 3911 374 3978 ostendisti
390 3961 398 3976 .
414 3913 561 3975 concede
597 3931 779 3994 quesumus
816 3930 934 3973 omnes
964 3911 1007 3973 ad
1038 3909 1124 3973 hanc
1155 3909 1401 3974 dedicationem

196 4002 369 4065 uenientes
390 3998 618 4081 apostolorum
640 4008 774 4061 tuorum
798 3997 882 4061 tueri
904 3997 1068 4079 presidio.
1081 3996 1238 4079 quatinus
1259 3998 1315 4079 qni
1334 4018 1404 4062 sur-

195 4109 270 4152 sum
294 4094 448 4150 sanctum
471 4094 573 4168 caput
596 4085 714 4163 eclesie
738 4083 895 4148 uidelicet
918 4084 1091 4147 dominum
1115 4084 1402 4166 contemplantur.

196 4196 256 4257 pro
286 4172 338 4235 his
364 4172 570 4237 intercedere
596 4192 662 4236 non
690 4172 855 4235 desistant
883 4172 941 4252 qui
968 4168 1115 4233 inimici4
1139 4182 1330 4236 uersantur.
1345 4193 1406 4254 per

194 4261 378 4326 dominum.
810 4286 813 4292 ·

262 4399 271 4426 ¹
289 4397 351 4446 This
362 4396 433 4445 word
445 4394 466 4444 is
477 4396 620 4447 interlined.
794 4395 803 4422 ²
822 4394 883 4443 This
895 4393 965 4443 word
976 4393 997 4443 is
1008 4395 1124 4458 repeated
1137 4395 1186 4444 and
1198 4397 1337 4460 expunged.

262 4463 272 4491 ³
289 4464 331 4528 hgc
341 4461 483 4512 interlined.
796 4461 805 4488 ⁴
823 4461 871 4523 leg.
884 4459 910 4509 in
922 4459 987 4509 imis.

237 4558 396 4610 ROBERT.
1252 4558 1276 4609 G
