3375 5250
625 374 834 424 ABSOLUTIO
863 376 1101 425 PENITENTIS

831 560 923 625 Alia.

339 689 409 752 Eus
448 690 655 756 misericors.
675 693 758 756 deus
795 693 967 757 clemens.
984 696 1040 777 qui
1072 696 1257 758 secundum
1289 692 1478 757 multitudi-

381 796 457 839 nem
482 778 733 842 miserationum
756 789 890 844 tuarum
914 792 1052 864 peccata
1075 782 1296 864 penitentium
1317 780 1477 844 deles.et

270 864 502 943 preteritorum
547 866 725 929 criminum
763 868 879 949 culpas
918 870 1016 931 uenia
1054 870 1258 931 remissionis
1297 887 1476 931 euacuas.

268 952 394 1031 respice
424 970 524 1033 super
553 952 641 1015 hunc
672 952 835 1018 famulum
867 964 962 1019 tuum
990 965 1025 1018 et
1055 957 1285 1019 remissionem
1312 956 1376 1017 sibi
1403 972 1473 1016 om-

268 1037 361 1099 nium
392 1049 604 1120 peccatorum
636 1060 770 1104 suorum
803 1050 875 1104 tota
902 1043 1011 1105 cordis
1041 1042 1250 1107 confessione
1280 1050 1476 1124 poscentem

268 1124 465 1205 deprecatus
497 1127 644 1191 exaudi.
666 1128 807 1191 Renoua
845 1130 879 1191 in
917 1150 958 1193 eo
994 1129 1143 1212 piissime
1179 1141 1298 1211 pater.
1315 1127 1475 1211 quicquid

268 1222 400 1274 terrena
429 1213 609 1293 fragilitate
640 1226 833 1296 corruptum
851 1264 858 1277 .
876 1216 929 1279 uel
961 1217 1119 1298 quicquid
1157 1216 1324 1281 diabolica
1359 1214 1477 1277 fraude

269 1298 431 1362 uiolatum
448 1309 562 1363 est.et
578 1321 654 1363 eum
672 1304 791 1366 unitati
807 1305 956 1385 corporis
977 1305 1137 1367 ecclesiae
1160 1315 1239 1367 tuae
1260 1313 1295 1367 et
1310 1301 1480 1366 membro·

267 1405 341 1448 rum
369 1386 517 1467 perlecta
537 1389 1080 1463 remissionezrestitue.Miserere
1103 1392 1241 1454 domine
1265 1390 1470 1472 gemituum.

269 1472 424 1535 miserere
467 1473 677 1538 lacrimarum
694 1523 702 1538 .
719 1486 753 1539 et
800 1498 867 1540 non
916 1478 1098 1541 habentem
1140 1477 1298 1542 fiduciam
1337 1474 1400 1539 nisi
1441 1474 1475 1537 in

268 1559 381 1639 tuam†
412 1560 711 1641 misericordiaml.
731 1564 773 1627 ad
812 1576 1061 1628 sacramentum
1098 1565 1378 1629 reconciliationis
1417 1562 1475 1624 ad-

270 1647 366 1709 mitte
383 1693 391 1709 .
407 1668 468 1730 per
491 1649 666 1712 dominum
692 1661 853 1715 nostrum.

835 1853 927 1916 Item.

276 1996 547 2123 MAiestatem
581 2009 673 2061 tuam
705 1998 840 2061 domine
871 1997 1041 2081 supplices
1073 1998 1370 2080 deprecamur.ut
1400 1994 1479 2056 huic

402 2085 528 2149 famulo
564 2086 695 2149 tuo.N
712 2137 719 2149 .
737 2084 838 2167 longo
876 2084 1032 2167 squalore
1064 2086 1272 2167 poenitentie
1311 2090 1480 2146 macerato

269 2168 506 2253 lmiserationis
529 2183 607 2236 tuae
626 2173 760 2235 ueniam
784 2172 897 2255 largiri
921 2173 1086 2254 digneris.
1100 2183 1137 2235 ut
1159 2171 1302 2253 nuptiali
1338 2168 1406 2252 [sol.
1423 2169 1476 2248 78.

270 2270 364 2321 ueste
387 2271 521 2343 recepta
545 2262 588 2323 ad
612 2258 758 2341 regalem
791 2280 943 2323 mensam
976 2263 1065 2323 unde
1088 2260 1214 2323 eiectus
1241 2258 1350 2321 luerat
1373 2274 1480 2320 mere-

270 2355 345 2408 atur
368 2348 526 2411 introire.
544 2367 603 2429 per
619 2348 802 2410 dominum.

831 2568 923 2633 Alia.

278 2708 503 2832 PReueniat
533 2706 622 2769 hunc
653 2707 815 2771 famulum
847 2719 943 2770 tuum
974 2728 1156 2788 quesumus
1183 2705 1320 2769 domine
1352 2703 1478 2766 miseri-

378 2795 492 2858 cordia
515 2805 573 2856 tua
589 2841 597 2856 .
612 2804 646 2857 et
670 2814 785 2856 omnes
816 2796 1010 2876 iniquitates
1041 2796 1112 2857 eius
1142 2792 1241 2856 celeri
1269 2790 1480 2874 indulgentia

271 2880 468 2945 deleantur.
485 2901 544 2963 per
567 2881 750 2945 dominum.

799 3107 882 3168 Item
905 3106 982 3170 alia.

340 3241 448 3305 Desto
486 3244 621 3306 domine
655 3242 958 3325 supplicationibus
990 3241 1112 3304 nostris
1134 3291 1141 3304 .
1160 3261 1221 3303 nec
1256 3242 1300 3303 sit
1339 3240 1383 3304 ab
1416 3240 1480 3304 hoc

384 3329 510 3392 famulo
533 3338 592 3392 tuo
615 3329 813 3393 clementiae
834 3329 1019 3410 longinqua
1039 3328 1229 3391 miseratio,
1243 3348 1325 3391 sana
1343 3327 1482 3391 uulnera

274 3416 344 3478 eius
356 3464 363 3479 .
376 3417 575 3498 remitteque
596 3425 735 3499 peccata
749 3467 755 3481 .
770 3427 807 3479 ut
826 3414 925 3478 nullis
945 3437 965 3479 a
980 3426 1014 3478 te
1033 3415 1265 3496 iniquitatibus
1286 3424 1460 3497 separatus
1475 3465 1482 3479 .

272 3502 333 3565 tibi
358 3523 490 3586 semper
513 3505 650 3566 domino
673 3503 785 3568 ualeat
808 3503 967 3566 adherere
984 3555 991 3566 .
1008 3522 1068 3585 per
1090 3502 1264 3565 dominum
1289 3511 1449 3566 nostrum.

832 3695 924 3758 Item.

345 3839 467 3906 Omine
491 3841 574 3904 deus
597 3851 710 3904 noster
732 3840 789 3922 qui
813 3838 999 3903 offensione
1022 3848 1137 3903 nostra
1160 3860 1227 3903 non
1252 3839 1395 3902 uinceris
1418 3839 1478 3902 sed

387 3926 613 3992 satisfactione
645 3927 786 4009 placaris
803 3975 810 3990 .
827 3927 954 4007 respice
984 3946 1166 4007 quesumus
1197 3928 1285 3989 hunc
1315 3925 1478 3989 famulum

274 4027 370 4078 tuum
394 4015 450 4096 qui
474 4036 509 4078 se
533 4015 594 4078 tibi
619 4035 774 4097 peccasse
805 4012 984 4076 confitetur
1001 4062 1007 4076 .
1024 4013 1136 4076 Tuum
1157 4022 1209 4076 est
1232 4012 1479 4077 absolutionem

272 4102 448 4165 criminum
479 4103 580 4165 dare.
601 4113 635 4164 et
667 4102 801 4164 ueniam
832 4111 981 4182 prestare
1012 4100 1253 4181 peccantibus.
1271 4101 1329 4181 qui
1361 4100 1478 4163 dixisti

274 4190 495 4270 penitentiam
512 4199 545 4253 te
563 4189 663 4251 malle
679 4197 892 4271 peccatorum
915 4207 1016 4269 quam
1041 4196 1204 4251 mortem.
1219 4186 1376 4252 Concede
1399 4206 1479 4268 ergo

274 4277 410 4338 domine
433 4277 497 4339 hoc
520 4286 557 4340 ut
577 4276 637 4339 tibi
657 4275 893 4361 [penitentiam
917 4294 962 4336 ex
981 4273 1087 4355 culpis
1110 4273 1279 4336 celebret.
1318 4273 1389 4355 [iol.
1405 4276 1478 4353 78v.

274 4374 307 4426 et
331 4365 487 4428 correctis
511 4364 642 4426 actibus
665 4363 734 4425 suis
757 4361 899 4425 conferri
925 4361 989 4424 sibi
1013 4370 1089 4424 ate
1120 4363 1326 4444 sempiterna
1355 4361 1480 4443 gaudia

272 4451 414 4515 letetur.
431 4471 490 4532 per
511 4450 694 4514 dominum.
