3375 5250
485 430 540 477 Al)
562 429 703 479 bucam
722 428 1055 480 consrrruaruourr.
1335 436 1380 490 157

165 588 299 648 remedia
313 589 476 666 pietatum.
490 597 521 647 et
540 585 663 647 resoluit
683 587 827 665 ligamina
839 588 1029 648 uinculorum
1039 631 1046 647 .
1055 589 1099 649 Sit
1119 589 1280 664 gratiarum
1296 587 1379 646 actio

166 669 246 729 salus
267 680 298 730 et
319 668 493 730 benedictio
506 713 515 730 .
530 669 712 729 exercituum
733 669 882 730 domino.
912 670 1082 731 Gratiarum
1097 669 1177 730 actio
1192 680 1221 730 et
1239 685 1379 728 reueren-

167 752 209 828 tie
230 750 386 828 plenitudo
406 750 426 808 a
444 749 533 810 nobis
558 750 699 809 omnibus
721 749 752 809 in
772 769 933 810 commune
955 751 1012 828 ipsi
1032 749 1268 811 clementissimo
1295 749 1379 826 prin·

168 833 250 909 cipi.
267 833 415 892 bonorum
442 831 577 908 gratifico
604 831 758 908 largitori.
774 831 868 894 Cuius
892 842 1032 893 uotorum
1067 833 1231 892 instantia.
1247 830 1379 907 benigna

168 913 244 974 deus
280 913 379 974 attulit
411 912 658 988 complementa.
675 912 768 972 Cuius
809 911 969 990 dispositio
1004 913 1160 990 piissima.
1176 931 1377 990 pressurarum

167 994 295 1055 remouit
319 992 432 1056 exitia.
448 992 541 1055 Cuius
568 993 756 1070 temporibus
782 995 917 1054 conserat
945 994 1046 1072 uigere
1069 992 1217 1056 iusticiam
1232 1039 1240 1056 .
1255 1002 1286 1054 et
1307 1012 1378 1053 exn·

87 1073 89 1077 ’
168 1079 271 1136 berare
305 1074 541 1135 misericordiam
570 1075 767 1150 opulentam.
785 1075 842 1135 Cui
876 1085 946 1151 post
981 1075 1128 1152 presentis
1157 1075 1205 1136 eui
1240 1084 1379 1151 tempora

165 1156 307 1216 diuturna
320 1201 329 1218 .
343 1176 412 1216 cum
440 1155 552 1216 sanctis
580 1155 721 1215 omnibus
747 1157 858 1217 tribuat
885 1157 917 1215 in
944 1158 1185 1217 remuneratione
1207 1173 1374 1217 coronam.

168 1240 233 1298 Nos
269 1248 369 1298 autem
404 1255 510 1296 omnes
544 1237 624 1296 hanc
656 1238 845 1296 decretorum
879 1249 1048 1298 nostrorum
1084 1237 1191 1298 seriem
1226 1256 1264 1297 ex
1297 1245 1378 1313 recte

167 1318 237 1379 fidei
264 1319 314 1379 uel
340 1318 460 1396 pietatis
483 1337 520 1377 ac
543 1317 660 1394 iusticie
685 1319 770 1378 sonte
794 1330 968 1379 manantem
997 1338 1098 1380 coram
1128 1320 1188 1380 deo
1210 1330 1241 1379 et
1265 1316 1378 1378 sanctis

165 1399 279 1477 angelis
306 1399 369 1460 eius
405 1397 558 1459 ortodoxis
586 1398 727 1460 omnibus
760 1409 791 1460 et
820 1411 957 1460 nuncet
992 1401 1024 1460 in
1057 1400 1187 1460 futurum
1219 1401 1377 1476 impensis-

166 1482 256 1556 (sime
270 1480 518 1542 commendamus
528 1526 536 1542 .
545 1481 740 1541 obsecrantes
753 1490 786 1541 ut
800 1480 880 1540 hanc
894 1491 924 1541 et
938 1492 1108 1542 reuerenter
1120 1482 1216 1541 adim·
1232 1478 1297 1561 [fol.
1311 1483 1376 1541 180.

169 1565 270 1639 pleant
281 1609 289 1624 .
299 1572 330 1623 et
350 1563 391 1622 ab
405 1561 510 1622 emulis
527 1561 658 1638 benigne
676 1561 859 1622 defendant.
874 1562 1147 1624 Contemnentibus
1166 1573 1268 1622 autem
1289 1581 1376 1622 earn.

168 1642 270 1720 diuine
288 1641 422 1704 ueritatis
441 1642 515 1703 ultio
535 1641 674 1721 pauenda
694 1643 851 1719 proueniat
867 1689 874 1702 .
889 1642 1127 1704 obseruantibus
1146 1655 1248 1704 autem
1268 1643 1377 1704 miseri-

166 1724 271 1785 cordia
283 1722 436 1802 profluens
452 1771 459 1784 .
475 1743 533 1800 pax
554 1734 714 1801 perpetua.
727 1735 758 1785 et
773 1725 868 1800 gloria
886 1725 1068 1802 sempiterna
1084 1725 1262 1802 contingat.
1279 1725 1379 1783 Huius

169 1824 290 1884 quoque
317 1805 465 1882 sententie
494 1805 670 1864 fortitudine
692 1806 742 1865 uel
764 1805 887 1882 uigore.
905 1805 1019 1866 decreti
1039 1806 1134 1866 nostri
1156 1806 1263 1866 seriem
1287 1823 1379 1883 quam

171 1889 203 1946 in
224 1887 404 1947 serenissimi
424 1886 541 1946 domini
564 1887 680 1946 nostril
705 1886 856 1946 edidimus
877 1887 1023 1949 nomine.
1039 1905 1095 1964 pro
1123 1887 1211 1948 rebus
1232 1905 1252 1948 a
1278 1887 1380 1962 diuine

172 1968 315 2045 memorie
344 1978 429 2044 patre
457 1986 513 2026 suo
548 1967 683 2043 quolibet
710 1967 797 2028 titulo
823 1969 1001 2044 conquisitis
1016 2010 1024 2026 .
1038 1969 1227 2029 decernimus
1256 1968 1381 2027 omnino

171 2048 337 2110 custodiri.
353 2049 466 2125 Legem
489 2048 620 2124 denique
642 2067 732 2125 quam
754 2067 809 2125 pro
830 2051 999 2110 coercenda
1023 2049 1193 2126 principum
1212 2049 1380 2127 cupiditate

171 2132 254 2191 idem
281 2130 529 2190 clementissimus
552 2129 648 2189 edidit
675 2130 838 2206 princeps.
854 2130 943 2190 simili
964 2131 1072 2191 robore
1101 2132 1254 2190 firmamus
1268 2142 1380 2206 ,atque

173 2223 205 2270 ut
225 2210 330 2272 futuris
354 2211 539 2288 temporibus
561 2211 659 2271 modis
682 2211 823 2271 omnibus
845 2213 1021 2272 obseruetur
1045 2210 1110 2289 pari
1135 2210 1284 2272 sententia
1305 2211 1380 2271 defi-

173 2293 271 2352 nimus
287 2340 295 2353 .
311 2295 379 2369 Que
404 2292 494 2352 etiam
523 2293 584 2351 ne²
608 2291 757 2352 taciturna
785 2303 954 2369 temporum
976 2293 1026 2353 uel
1050 2292 1198 2353 obliuiosa
1222 2302 1381 2358 tuetustate

173 2373 369 2434 deserantur.
383 2372 452 2432 huic
481 2382 581 2449 nostre
604 2372 812 2432 constitutioni
834 2374 938 2451 utique
960 2374 1148 2434 decreuimus
1175 2374 1381 2434 innectenda.

173 2455 215 2514 ita
236 2465 413 2515 cunctorum
433 2453 577 2531 memorie²
598 2453 864 2517 commendanda.
880 2453 913 2514 'ut
935 2456 955 2514 a
981 2455 1098 2515 cunctis
1119 2455 1227 2532 regulis
1248 2453 1383 2531 superius

171 2534 318 2597 ordinatis
345 2553 493 2610 nusquam
521 2546 664 2595 maneant
702 2546 879 2612 segregata.
896 2537 1006 2597 Cetera
1038 2553 1160 2613 quoque
1193 2535 1381 2598 decretorum

172 2629 341 2678 nostrorum
369 2616 480 2677 iudicia
508 2636 566 2693 que
594 2617 634 2677 ab
662 2617 720 2676 hac
748 2630 853 2677 sancta
881 2617 990 2678 sinodo
1019 2628 1184 2678 noscuntur
1217 2636 1284 2678 esse
1312 2637 1384 2678 con-

173 2702 252 2759 fecta
267 2745 275 2760 .
289 2699 314 2759 si
341 2699 408 2777 quis
430 2699 601 2759 conuellere
622 2699 747 2759 fortasse
774 2698 963 2761 decreuerit.
978 2710 1030 2759 aut
1050 2700 1174 2776 implere
1195 2697 1381 2778 neglexerit.

173 2782 222 2840 uel
248 2777 408 2857 infringere
439 2779 624 2859 quandoque
651 2780 778 2840 uoluerit
791 2780 811 2841 ἕ
824 2798 879 2857 per
913 2780 1057 2841 iudicium
1088 2780 1305 2857 omnipotentis
1334 2782 1385 2840 dei

174 2862 335 2977 anathe³ma
362 2862 422 2920 sit.
438 2861 501 2921 Soli
528 2873 629 2921 autern
658 2863 717 2922 deo
748 2871 853 2921 nostro
888 2862 982 2939 gloria
1020 2862 1052 2921 in
1088 2863 1189 2923 secula
1217 2862 1384 2922 seculorum

173 2961 273 3002 amen.

361 3168 504 3238 sinerem
524 3180 678 3224 ormcrun
698 3182 743 3223 nn
764 3180 876 3224 nocant
899 3164 1197 3225 corrsrrrutartoum.⁴
1240 3160 1302 3243 [sol.
1322 3167 1387 3224 181.

222 3302 339 3361 Ymnus.
368 3301 415 3358 Te
443 3298 535 3358 deum
561 3296 742 3357 laudamus.
758 3296 829 3358 Ant.
859 3298 907 3357 Te
946 3297 1125 3357 inuocamus
1163 3309 1193 3358 te
1229 3298 1390 3358 adoramus

174 3393 206 3443 te
229 3382 386 3442 laudamus
409 3397 428 3438 o
457 3379 545 3439 beata
573 3378 710 3439 trinitas.
734 3378 809 3439 Vers.
840 3378 1059 3439 Benedicamus
1087 3388 1205 3456 patrem
1233 3390 1264 3440 et
1291 3380 1388 3439 filium

174 3484 246 3525 cum
266 3473 371 3523 sancto
393 3460 520 3538 spiritu.
537 3460 719 3520 Laudemus.

730 3632 844 3693 Orant.

181 3760 427 3889 OMnipotens
449 3757 629 3833 sempiterne
652 3756 727 3816 deus
747 3755 801 3833 qui
818 3755 929 3815 dedisti
949 3753 1038 3816 nobis
1058 3755 1179 3815 famulis
1194 3756 1252 3815 tuis
1272 3755 1304 3816 in
1321 3775 1392 3817 con-

289 3841 419 3901 sessione
446 3857 517 3899 uere
540 3836 611 3897 fidei
626 3881 634 3897 .
649 3847 752 3897 eterne
780 3836 921 3896 trinitatis
947 3836 1072 3913 gloriam
1100 3855 1285 3914 agnoscere.
1301 3848 1332 3899 et
1359 3838 1391 3896 in

179 3921 317 4003 potentia
337 3920 502 3980 maiestatis
520 3918 643 3978 adorare
666 3917 846 3978 unitatem!
860 3935 1021 3993 quesumus
1038 3928 1071 3978 ut
1091 3918 1227 3978 eiusdem
1249 3919 1320 3979 fidei
1341 3920 1391 3978 fir-

178 4006 281 4065 mitate
297 4050 304 4064 .
320 4003 359 4063 ab
381 4000 522 4061 omnibus
544 4018 662 4076 semper
684 3998 855 4058 muniamur
876 3998 1032 4061 aduersis.
1048 3998 1110 4076 Qui
1131 3999 1217 4062 uiuis.

212 4150 221 4179 ¹
238 4148 294 4197 The
304 4145 353 4196 last
364 4152 415 4193 two
426 4142 509 4192 words
520 4157 563 4190 are
569 4140 669 4190 written
680 4156 741 4190 over
750 4146 808 4205 part
819 4139 849 4188 of
856 4155 890 4189 an
900 4154 1000 4190 erasure
1012 4155 1019 4187 ε
1036 4139 1184 4205 apparently
1196 4139 1238 4190 the
1249 4140 1330 4191 scribe
1340 4142 1391 4190 had

177 4214 285 4265 omitted
295 4228 312 4261 a
322 4210 374 4260 line
384 4208 414 4258 of
421 4209 465 4258 the
476 4207 535 4258 MS.
548 4206 613 4255 from
624 4205 707 4255 which
719 4206 751 4254 he
762 4205 863 4270 copied,
876 4220 904 4254 as
915 4210 990 4269 patre
1003 4220 1048 4255 suo
1063 4206 1168 4269 quolibet
1182 4206 1279 4257 formed
1296 4208 1394 4271 partos

180 4281 223 4330 the
233 4279 317 4329 words
327 4274 423 4327 erased.

211 4346 222 4373 ²
238 4344 302 4393 This
314 4340 385 4391 word
396 4340 418 4389 is
428 4336 513 4387 added
524 4337 605 4386 above
616 4336 661 4385 the
671 4336 731 4386 line.

213 4410 224 4438 ³
240 4409 297 4459 The
308 4421 382 4456 verso
394 4404 424 4455 of
431 4403 476 4453 iol.
492 4401 540 4451 180
550 4403 572 4452 is
583 4401 673 4451 blank.

215 4475 225 4502 ⁴
242 4473 306 4523 This
322 4471 397 4521 order
413 4469 453 4519 for
469 4467 596 4532 investing
612 4467 655 4517 the
673 4465 750 4516 Duke
767 4465 797 4515 of
810 4464 964 4530 Normandy
975 4465 996 4516 is
1011 4465 1112 4516 written
1129 4465 1156 4515 in
1167 4482 1183 4515 a
1194 4465 1263 4517 hand
1274 4468 1303 4518 of
1316 4470 1395 4519 about

186 4550 342 4604 1275·13oo.
