3375 5250
296 413 343 449 100
652 401 909 451 CONSECRATIO
929 401 1148 451 ECCLESIAE.

339 560 385 623 Et
415 560 502 624 sicut
525 559 675 624 liberasti
699 569 767 623 tres
791 579 914 643 pueros
938 560 981 622 de
1007 559 1142 622 camino
1164 556 1252 640 ignis
1278 557 1426 620 ardentis
1449 577 1509 639 per

295 646 452 729 angelum
476 658 573 711 tuum
589 697 597 711 .
613 647 661 709 sic
682 645 789 711 libera
811 647 951 710 domine
973 665 1111 729 gregem
1131 646 1233 709 istum
1254 645 1297 707 de
1321 645 1451 708 insemo
1473 655 1507 708 et

295 735 338 797 de
360 734 486 797 diaboli
510 743 702 816 potestate.
719 745 755 797 et
775 743 910 798 terrena
940 733 1127 817 cupiditate
1144 778 1153 795 .
1170 740 1205 796 et
1234 732 1277 795 de
1307 732 1407 795 uariis
1437 732 1507 795 lan-

295 821 463 903 guoribus.
507 821 627 885 Amen.

340 908 456 991 Culpis
486 929 604 991 parcas
622 955 630 972 .
647 916 787 990 peccata
823 907 999 972 remittas.
1016 916 1055 971 ut
1084 907 1231 970 mundos
1268 907 1360 988 ipsos
1390 916 1425 970 et
1455 906 1505 969 in-

297 996 482 1059 maculatos
504 996 644 1077 recipias
665 996 699 1057 in
720 995 776 1059 die
795 995 908 1059 iudicii
921 1046 928 1059 .
942 995 1028 1059 sicut
1051 994 1205 1075 recepisti
1225 992 1326 1057 eliam
1345 1001 1379 1056 et
1398 993 1505 1058 enoch

296 1082 402 1146 iustos
426 1083 459 1146 in
484 1102 625 1166 regnum
648 1081 826 1147 caelorum.
872 1084 991 1147 Amen.

340 1168 442 1252 Quod
465 1170 539 1252 ipse
560 1178 711 1252 prestare
734 1169 901 1251 dignetur.

343 1340 542 1408 Communia.
588 1344 742 1408 *Domus
768 1365 844 1408 mea
875 1346 997 1408 domus
1027 1343 1187 1408 orationis
1218 1341 1394 1406 uocabitur
1424 1342 1505 1407 dicit

294 1431 453 1493 dominus
475 1432 509 1493 in
532 1452 573 1495 ea
602 1433 713 1494 omnis
743 1433 801 1515 qui
831 1433 918 1515 petit
948 1431 1070 1514 accipit
1092 1443 1127 1495 et
1149 1431 1206 1512 qui
1237 1431 1347 1512 querit
1377 1429 1506 1494 inuenit

296 1527 331 1581 et
353 1517 501 1599 pulsanti
525 1518 712 1601 aperietur*
729 1568 736 1583 .
753 1519 890 1583 alleluia
913 1518 1056 1584 alleluia
1421 1524 1425 1532 '

744 1724 775 1786 A
780 1722 807 1787 d
824 1724 1053 1806 complendum.

367 1862 538 1926 Uesumus
561 1861 779 1943 omnipotens
801 1861 886 1924 deus
915 1861 981 1925 hoc
1012 1862 1045 1924 in
1072 1860 1148 1923 loco
1170 1880 1271 1942 quem
1296 1858 1422 1924 nomini
1445 1867 1504 1921 tuo

409 1947 539 2030 indigni
562 1946 771 2013 1dicauimus
783 1997 790 2013 .
802 1948 932 2013 cunctis
948 1948 1141 2031 petentibus
1161 1967 1259 2012 aures
1274 1956 1353 2011 tuae
1368 1943 1504 2028 pietatis

294 2038 531 2099 accommodes
549 2086 554 2099 .
571 2055 632 2117 per
654 2036 839 2100 dominum.

553 2368 672 2432 MISSA
696 2381 767 2433 PRO
791 2381 1024 2433 EDIFICANTE
1047 2383 1245 2436 ECLESIAM.

298 2523 434 2652 DEus
457 2523 514 2605 qui
538 2523 779 2586 sacrandorum
803 2523 865 2587 tibi
887 2531 1004 2588 auctor
1025 2545 1061 2587 es
1083 2545 1258 2589 munerum
1271 2574 1278 2589 .
1292 2526 1335 2589 ad
1358 2522 1504 2587 sanctifi-

406 2614 575 2675 cationem
599 2607 687 2674 loci2
717 2610 882 2694 propitius
913 2611 1031 2675 adesse
1060 2612 1219 2694 dignare.
1236 2622 1273 2676 ut
1304 2612 1361 2694 qui
1384 2611 1447 2688 hec
1470 2610 1504 2673 in

292 2697 455 2762 honorem
483 2699 533 2762 tui
564 2698 710 2762 nominis
736 2699 960 2763 condiderunt
976 2747 983 2764 .
999 2709 1222 2781 protectorem
1253 2710 1287 2764 te
1316 2698 1440 2763 habere
1470 2698 1503 2760 in

292 2785 451 2848 omnibus
475 2795 668 2849 mereantur
690 2794 792 2868 atque
814 2787 990 2850 custodem
1009 2835 1017 2852 .
1034 2807 1102 2869 per.

832 2993 969 3058 Secreta

361 3135 507 3200 Otorum
544 3142 737 3196 nostrorum
775 3152 898 3194 munus
932 3131 1129 3216 [quesumus
1164 3133 1301 3197 domine
1333 3133 1402 3216 [sol.
1431 3151 1501 3217 119.

403 3221 607 3304 propitiatus
644 3239 779 3283 assume
802 3269 809 3283 .
832 3229 870 3283 ut
900 3219 1024 3283 talibus
1060 3220 1229 3284 sacrificiis
1263 3230 1448 3285 exoratus.
1466 3232 1502 3284 et

294 3308 416 3373 nostris
447 3308 582 3371 ueniam
606 3307 740 3371 delictis
772 3306 962 3387 inpertiaris
992 3315 1026 3370 et
1049 3308 1148 3371 huius
1170 3307 1377 3372 tabernaculi
1401 3329 1446 3371 ex
1469 3316 1504 3371 te

292 3394 491 3460 sanctificati
515 3395 759 3458 cumulatorem
784 3394 971 3457 exaudias.
987 3414 1055 3477 per.

746 3611 810 3676 Ad
826 3612 1051 3696 complendum.

349 3750 547 3816 Anctificati
578 3752 716 3815 domine
747 3751 884 3815 salutari
916 3753 1076 3835 mysterio
1091 3803 1098 3816 .
1115 3772 1297 3835 quesumus
1327 3763 1502 3818 uteorum

394 3861 456 3924 pro
487 3838 585 3902 nobis
608 3858 676 3902 non
707 3839 796 3903 desit
826 3839 956 3903 oratio,
973 3860 1114 3921 quorum
1142 3861 1203 3904 nos
1226 3841 1360 3906 donasti
1391 3851 1505 3923 patro·

294 3928 383 3993 cinio
406 3927 607 4011 gubernari.
624 3946 684 4010 per
707 3927 882 3990 dominum
906 3937 1066 3992 nostrum.

340 4077 410 4140 His
432 4076 481 4140 ita
497 4088 558 4157 per
584 4075 729 4138 ordinem
758 4075 890 4158 expletis
903 4125 910 4138 .
920 4087 983 4159 per
1012 4075 1070 4141 vii.
1096 4073 1164 4138 dies
1194 4075 1229 4138 in
1258 4077 1365 4140 melem
1391 4077 1505 4141 eclesia

296 4163 398 4226 missa
419 4163 587 4227 celebretur
602 4211 609 4226 .
625 4170 657 4225 et
676 4162 718 4225 ab
740 4163 799 4226 illa
821 4162 876 4226 die
894 4182 992 4243 usqne
1012 4162 1060 4224 ad
1082 4161 1154 4224 viii.
1176 4163 1248 4227 sine
1268 4165 1507 4228 intermissione

296 4250 381 4314 inibi
403 4250 586 4314 luminaria
613 4249 774 4313 ardeant.
791 4260 822 4313 et
850 4250 884 4312 si
909 4250 1074 4312 sollemnis
1102 4248 1217 4312 demus
1245 4260 1294 4312 ert
1315 4252 1508 4335 precipiente

293 4340 431 4422 eptacepo
443 4349 506 4421 per
524 4335 655 4402 totidem
672 4346 774 4400 noctes
792 4347 950 4400 nocturna
970 4337 1156 4417 diurnaque
1167 4340 1239 4399 lans
1258 4338 1305 4401 ibi
1323 4339 1503 4403 celebretur.

489 4489 495 4518 ¹
515 4489 695 4541 deinterlined.
1056 4490 1066 4517 ²
1083 4491 1154 4539 irtius
1164 4489 1307 4542 interlined.
