3375 5250
564 421 803 471 BENEDICTIO
824 421 975 471 SCRINII.
1331 436 1377 487 109

164 595 198 650 et
230 584 401 650 misereri.
419 594 453 648 et
480 584 626 647 concede
653 582 750 647 nobis
769 582 1024 647 obsecrantibus
1051 592 1086 648 et
1112 583 1199 647 hanc
1226 586 1374 651 arculam

164 675 198 736 in
225 672 272 738 tui
305 672 450 736 nominis
481 670 687 753 inpressione
718 669 911 735 lauantibus
927 718 935 735 .
951 680 986 735 et
1016 671 1320 737 benedicentibus.
1338 685 1375 739 ut

163 761 208 824 sit
244 760 278 823 in
316 769 375 824 tuo
421 768 538 822 sancto
584 758 719 821 nomine
765 755 977 822 sanctificata
1022 767 1126 841 atque
1172 759 1373 827 benedicta.

163 848 322 930 quatinus
351 856 548 910 cunctorum
579 845 632 908 hic
663 846 857 927 precamina
887 845 1100 909 fundentium
1128 866 1244 929 preces
1268 869 1376 912 exau·

165 934 300 998 diantur
315 982 322 999 .
338 941 372 998 et
396 954 416 996 a
438 942 472 997 te
495 933 647 1014 piissimo
670 941 919 996 remuneratore
941 943 1138 996 cunctorum
1163 933 1375 1016 squaloribus

164 1031 379 1104 peccatorum
417 1021 550 1103 purgari
566 1068 574 1084 .
590 1029 624 1084 et
662 1019 696 1082 in
727 1028 927 1102 perpetuum
962 1020 1046 1084 tueri
1085 1031 1297 1087 mereantur.
1315 1044 1374 1105 per

163 1109 348 1174 dominum.

231 1314 298 1379 Hic
319 1323 490 1396 unguatur
507 1333 599 1375 sacro
621 1310 814 1374 intrinsecus
834 1310 988 1373 crismate
1010 1309 1045 1372 in
1068 1309 1153 1376 iiiuc
1169 1314 1375 1394 parietibus.

168 1402 286 1466 Simili
307 1401 399 1464 modo
423 1410 462 1463 nt
483 1400 600 1483 agitur
622 1400 656 1462 in
682 1398 915 1461 consecratione
933 1398 1040 1479 eclesie
1055 1446 1062 1461 .
1078 1408 1110 1461 et
1131 1400 1206 1463 haec
1229 1413 1377 1483 agantur

162 1490 204 1553 ab
228 1486 443 1573 episc0p0.set
464 1495 619 1569 sequatur
640 1486 715 1549 haec
736 1486 850 1549 oratio.
1213 1487 1282 1570 [sol.
1305 1492 1375 1555 128.

235 1626 357 1693 Omine
381 1627 464 1690 deus
487 1626 718 1688 uniuersorum
743 1624 776 1685 in
799 1644 867 1705 quo
892 1623 965 1687 solo
993 1623 1188 1691 caelestium
1217 1629 1372 1694 machina

277 1715 487 1796 ingeniorum
508 1722 609 1795 atque
630 1711 836 1775 terrestrium
860 1721 993 1774 constat
1013 1723 1211 1777 cunctorum
1226 1717 1372 1801 ‚quique

166 1822 233 1865 non
259 1800 368 1864 solum
399 1799 558 1882 angelicis
590 1799 749 1862 creaturis
776 1797 967 1861 diuinarum
995 1818 1106 1862 rerum
1134 1804 1372 1885 presagmina.

165 1888 225 1952 sed
255 1888 355 1951 etiam
387 1887 542 1951 humanis
573 1886 709 1967 ingenia
738 1884 901 1948 diuinitus
932 1884 1121 1950 afflata.in
1153 1888 1250 1953 huius
1281 1893 1373 1956 uitae

163 1976 351 2057 corruptela
388 1977 480 2057 quod
511 1973 696 2037 mirabilius
727 1982 777 2036 est
793 2018 802 2037 .
817 1982 853 2035 et
883 1972 1129 2037 misericordius
1160 1980 1374 2043 nascentibus

164 2072 199 2126 et
220 2061 433 2126 manentibus
454 2060 565 2144 largiri
584 2060 742 2142 dignatus
761 2059 881 2142 es.qui
904 2060 1005 2123 etiam
1029 2060 1117 2124 inter
1139 2072 1268 2127 ceteros
1291 2086 1376 2149 quos

165 2152 200 2212 in
230 2150 295 2213 hoc
325 2148 453 2212 mundo
483 2168 503 2211 a
533 2147 716 2231 primordio
747 2167 854 2230 usque
881 2148 914 2210 in
945 2147 1033 2210 hanc
1060 2147 1177 2213 horam
1209 2152 1311 2215 uariis
1341 2163 1376 2218 et

164 2236 391 2300 subtilissimis
429 2235 544 2299 ditasti
583 2234 725 2316 ingeniis
745 2280 753 2296 .
773 2232 940 2297 beselehel
962 2284 969 2299 .
989 2243 1023 2298 et
1060 2235 1174 2299 oliab.
1190 2238 1375 2322 discipulos

165 2323 283 2387 famuli
312 2323 361 2387 tui
394 2322 502 2404 moysi
533 2321 699 2403 sapientia
729 2331 764 2386 et
794 2321 966 2385 intellectu
998 2320 1031 2383 in
1059 2321 1250 2389 labrefactis
1274 2328 1372 2392 rebus

167 2412 210 2474 ad
235 2410 400 2474 culturam
431 2409 485 2473 dei
517 2407 788 2492 pertinentibus.
807 2419 842 2472 et
869 2409 954 2471 miro
980 2428 1039 2490 pre
1066 2412 1209 2476 ceteris.
1226 2413 1375 2479 israheli·

165 2498 254 2561 ticae
279 2497 386 2581 plebis
409 2497 545 2577 ingenio
568 2495 726 2559 decorare
750 2495 909 2578 dignatus
932 2496 1034 2560 es.in
1057 2506 1191 2561 tantum
1215 2508 1253 2563 ut
1272 2503 1375 2566 etiam

167 2586 201 2649 in
218 2583 512 2669 prefigurationem
529 2582 669 2649 eclesiae
688 2592 768 2648 tuae
787 2584 830 2647 de
847 2582 1087 2665 inputrescibili
1105 2587 1246 2651 materia
1262 2610 1375 2654 arcam

166 2673 361 2738 testamenti
399 2673 566 2754 lignorum
605 2672 690 2735 miro
727 2669 863 2753 ingenio
900 2679 1000 2753 prout
1033 2673 1124 2754 prius
1156 2672 1284 2740 famulo
1315 2687 1375 2741 tuo

167 2761 277 2843 moysi
306 2759 499 2843 propagasti
530 2777 731 2841 componere
761 2768 989 2821 mererentur.
1005 2759 1131 2822 exaudi
1162 2781 1223 2824 nos
1258 2765 1375 2847 depre-

166 2847 297 2931 lcantes
320 2845 579 2910 misericordiam
602 2857 724 2909 tuam.
746 2855 779 2909 et
802 2845 935 2909 inmitte
958 2846 1166 2927 superhanc
1192 2845 1375 2935 [fol128v.

168 2955 280 2998 arcam
307 2934 472 2996 crismatis
496 2933 652 2997 unctione
677 2933 711 2994 in
739 2931 854 2995 christi
881 2933 1019 2996 nomine
1038 2944 1237 3015 perunctam
1262 2959 1375 3002 seren·

166 3021 317 3086 issimam
347 3020 482 3102 pietatis
512 3029 590 3084 tuae
618 3018 909 3083 benedictionem.
929 3029 963 3083 et
993 3028 1030 3082 ut
1061 3040 1122 3084 nos
1153 3023 1209 3105 qui
1235 3024 1269 3087 in
1298 3046 1374 3090 arca

168 3107 362 3174 testamenti
386 3107 491 3170 diuini
518 3106 643 3189 triplex
675 3106 818 3188 legimus
849 3115 884 3169 et
914 3107 1082 3169 credimus
1110 3129 1231 3174 munus
1257 3113 1374 3196 inponi

166 3206 203 3260 et
245 3195 380 3259 recondi
404 3244 411 3256 .
435 3193 592 3258 uidelicet
640 3193 772 3257 tabulas
822 3193 1045 3257 testamenti.
1070 3215 1188 3258 urnam
1239 3219 1375 3263 auream

169 3302 293 3348 manna
318 3281 505 3364 repletam.
522 3292 555 3344 et
586 3279 715 3362 uirgam
746 3281 966 3362 disciplinae.
983 3290 1017 3344 te
1041 3281 1167 3346 trinum
1192 3283 1226 3346 in
1254 3287 1375 3351 eclesia

169 3370 416 3454 legislatorem.
434 3370 535 3432 deum
566 3367 774 3430 incarnatum
808 3368 979 3430 hominem
996 3416 1003 3432 .
1019 3380 1238 3435 correctorem
1270 3377 1375 3438 anim·

167 3478 262 3523 arum
301 3458 477 3519 credamus
514 3464 550 3518 et
579 3454 821 3519 confiteamur.
838 3455 996 3536 quatinus
1034 3465 1068 3518 te
1106 3456 1305 3524 confitentes
1339 3475 1373 3527 et

167 3543 394 3628 glorificantes
424 3562 547 3624 panem
579 3541 694 3606 uiuum
726 3552 760 3605 et
790 3562 907 3605 uerum
939 3543 1142 3607 manducare
1172 3556 1206 3608 et
1237 3547 1270 3610 in
1300 3570 1373 3631 per-

169 3644 307 3716 petuum
334 3641 446 3693 tecum
473 3630 585 3692 uiuere
614 3648 800 3693 mereamur
826 3629 860 3691 in
888 3628 1011 3693 caelis.
1027 3649 1087 3711 per
1113 3629 1296 3700 dominum.

169 3835 236 3900 Hic
256 3831 343 3895 turis
354 3827 575 3912 fraglantia†
602 3826 753 3890 odoretur
774 3826 966 3891 intrinsecus
990 3837 1022 3890 et
1044 3830 1259 3898 extrinsecus.
1275 3857 1374 3918 quam

244 3914 501 4002 fraglantiaml
523 3915 714 3996 subsequens
734 3915 838 3978 oratio
853 3923 1069 3996 prosequatur
1090 3917 1291 4004 abepiscopo,

176 4052 420 4183 DOminator
449 4049 586 4115 domine
616 4051 700 4113 deus
727 4050 958 4114 uniuersarum
982 4050 1177 4116 caelestium
1201 4065 1235 4121 et
1257 4068 1375 4126 terres-

283 4140 383 4204 trium
415 4147 639 4202 creaturarum
658 4186 665 4201 .
685 4137 742 4219 qui
772 4157 992 4219 supernorum
1023 4137 1228 4221 fraglantia†
1257 4148 1375 4214 odora·

171 4237 361 4292 mentorum
388 4225 479 4289 solus
505 4225 659 4288 sacerdos
686 4225 896 4287 sacerdotum
928 4226 1013 4287 inter
1037 4227 1205 4308 angelicas
1231 4233 1374 4313 placaris

171 4327 332 4380 naturas.
353 4321 466 4396 presta
502 4308 785 4394 benesdictionem
820 4319 914 4374 tuam
952 4331 1052 4394 super
1084 4316 1171 4378 hanc
1210 4313 1279 4402 [fol.
1305 4341 1374 4403 129.

169 4422 281 4467 arcam
320 4402 364 4464 ad
393 4399 615 4462 sanctimonia
643 4408 702 4460 tua
731 4398 945 4461 recondenda
974 4410 1185 4481 preparatam
1209 4414 1243 4468 et
1269 4408 1375 4476 thuris

170 4493 307 4554 incensu
337 4507 396 4571 per
425 4505 545 4549 manus
574 4504 745 4548 seruorum
775 4494 909 4550 tuorum
934 4486 1119 4550 redolatam
1135 4537 1142 4554 .
1159 4500 1193 4554 et
1228 4501 1375 4562 concede
