3375 5250
507 434 823 483 BENEDICTIONES
842 435 1100 485 EPJSCOPALES.
1388 448 1419 501 53

204 601 312 655 terrae
348 593 621 659 ubertatem.de
658 592 800 656 inimicis
841 592 1049 675 triumphum
1070 642 1079 658 .
1101 594 1144 657 de
1188 594 1311 659 lumbis
1348 600 1418 659 suis

204 680 355 745 sobolem
371 691 595 763 regnaturum.
639 681 758 743 Amen.

204 853 236 916 Α
250 766 303 832 Sit
326 768 519 832 indeficiens
544 788 639 832 amor
664 768 697 829 in
716 766 849 874 [populo
864 813 872 831 .
890 776 923 831 et
944 788 1014 850 pax
1040 769 1223 852 peregrinis
1246 770 1281 834 in
1304 792 1415 854 regno.

244 875 344 1020 'gizid
365 942 437 1024 ipse
460 950 609 1025 prestare
633 942 799 1024 dignetur.

415 1168 652 1232 Bauamcmo
675 1181 718 1231 ΙΝ
738 1180 1007 1233 onomnmouu
1026 1181 1202 1233 Eruscoru.

272 1328 342 1392 Eus
386 1329 659 1395 benedictionum
707 1330 858 1395 omnium
906 1330 1017 1411 largus
1060 1330 1210 1395 infusor.
1227 1334 1409 1397 conuentui

314 1417 513 1481 famulorum
544 1427 677 1481 tuorum
707 1416 874 1500 benignus
904 1418 1045 1481 adesto.
1062 1426 1096 1481 et
1125 1418 1214 1482 hunc
1244 1417 1407 1484 famulum

199 1514 295 1568 tuum
319 1506 371 1567 cui
395 1513 605 1568 sacramenta
627 1503 840 1586 pontificatus
864 1504 1046 1568 indidimus
1070 1505 1237 1587 benignus
1259 1508 1407 1590 respice.

200 1602 234 1653 et
272 1592 480 1674 respiciendo
515 1612 591 1656 eum
630 1593 721 1674 quod
765 1592 959 1655 nominatur
997 1592 1124 1655 meritis
1161 1612 1235 1657 esse
1278 1593 1408 1676 perfice.

198 1678 314 1743 Amen.

244 1766 290 1830 Et
319 1786 420 1849 quem
451 1786 511 1849 per
540 1786 660 1830 manus
690 1775 824 1830 nostrae
862 1765 1100 1849 inpositionem
1131 1767 1166 1829 in
1203 1767 1404 1851 episcopalis

198 1853 398 1935 dignitatem
428 1854 554 1917 ordinis
584 1873 815 1918 consecramus
844 1862 880 1916 et
918 1854 1111 1916 ordinamus
1128 1902 1136 1917 .
1152 1854 1241 1917 hunc
1278 1853 1404 1919 fluenta

197 1940 303 2003 diuini
337 1940 438 2004 fontis
469 1940 611 2004 fideliter
641 1941 795 2004 haurire.
812 1948 847 2005 et
876 1940 950 2003 aliis
980 1959 1056 2004 cum
1085 1939 1261 2023 multiplici
1292 1942 1407 2007 fenore

199 2026 302 2091 facias
325 2029 522 2092 ministrare.
567 2028 687 2093 Amen.

242 2114 299 2179 Sic
325 2115 355 2177 ei
382 2116 520 2197 regendi
543 2134 656 2179 curam
687 2115 797 2198 gregis
828 2112 862 2178 te
892 2114 1123 2199 preuenienlte
1153 2123 1187 2178 et
1233 2113 1305 2198 [fot.
1331 2132 1404 2195 71v.

197 2200 422 2283 subsequente
446 2202 632 2266 ministrare
658 2197 692 2267 et
714 2203 908 2284 dispensare
932 2203 1127 2266 concedas.
1151 2205 1309 2283 quatinus
1331 2223 1404 2284 gre-

195 2308 273 2369 gem
300 2288 405 2353 diuini
431 2290 522 2353 uerbi
549 2290 714 2353 tutamine
741 2289 784 2353 ab
811 2289 940 2371 antiqui
968 2289 1074 2352 hostis
1101 2289 1263 2353 defendat
1290 2288 1403 2353 sormi·

196 2378 297 2439 dine.
313 2388 347 2439 et
372 2376 441 2459 lupi
466 2377 593 2440 rabiem
619 2378 733 2440 diuino
758 2377 924 2440 deterreat
948 2377 1183 2457 predicamine.
1227 2376 1346 2440 Amen.

241 2462 341 2545 Quod
358 2464 429 2546 ipse
445 2473 594 2546 prestare
610 2464 778 2547 dignetur.

349 2705 587 2770 Buuamcmo
610 2717 652 2767 m
676 2715 947 2768 onmunmoua
971 2715 1201 2766 mesanam.

202 2840 514 2968 BEnedictionum
542 2841 693 2903 omnIum
721 2840 860 2923 largitor
890 2848 923 2903 et
947 2839 1052 2903 diuini
1077 2837 1171 2901 uerbi
1194 2838 1401 2902 seminator.

298 2928 395 2991 huius
434 2927 542 2990 fratris
580 2927 752 3010 precordia
789 2947 890 3009 quem
929 2926 1028 2990 hodie
1071 2926 1105 2987 in
1142 2926 1398 3008 presbiteratum

194 3013 417 3096 elegimus.et
437 3015 633 3078 benedicere
651 3023 686 3077 et
705 3014 810 3078 diuini
830 3013 958 3077 semine
979 3011 1074 3075 uerbi
1094 3012 1240 3094 digneris
1263 3012 1399 3095 replere.
1507 3015 1510 3023 ’

193 3100 309 3166 Amen.

237 3189 282 3253 Et
313 3209 412 3272 quem
444 3188 510 3252 tuis
540 3188 691 3251 sacrariis
729 3187 935 3265 ministmm†
973 3185 1041 3250 una
1071 3207 1146 3250 cum
1178 3186 1266 3250 clero
1304 3187 1401 3249 mini-

191 3275 315 3354 stmm†
354 3277 624 3340 constituimus.
653 3275 741 3338 hunc
781 3297 842 3358 pro
881 3285 942 3338 tuo
981 3274 1231 3338 intercessorem
1272 3273 1399 3356 populo

192 3362 371 3426 sollicitum
403 3363 547 3427 reddas.
564 3375 599 3427 et
629 3365 672 3425 ad
703 3362 856 3426 caelestis
886 3362 972 3425 atria
1002 3362 1095 3444 regni
1124 3361 1276 3443 preuium
1308 3361 1399 3442 plebi

190 3458 269 3512 tuae
285 3449 445 3532 perficias.
488 3451 606 3514 Amen.

238 3537 275 3600 In
303 3539 353 3601 sui
381 3538 591 3618 receptaculo
620 3537 731 3600 cordis
758 3537 905 3618 demptis
936 3535 1094 3600 uitiorum
1119 3534 1260 3615 spinulis
1283 3555 1399 3616 super-

191 3643 251 3686 nas
279 3625 419 3689 uirtutes
446 3626 571 3688 inseras
589 3672 597 3689 .
614 3644 755 3706 quarum
783 3624 882 3705 copia
904 3634 938 3687 et
961 3622 1063 3685 corda
1090 3621 1291 3705 populorum
1315 3641 1397 3684 enu-

188 3711 266 3775 triat
282 3758 289 3775 .
306 3721 339 3776 et
366 3712 535 3776 enutriens
562 3713 595 3774 in
622 3711 720 3774 bonis
747 3710 903 3794 operibus
927 3708 1125 3793 [numquam
1148 3709 1205 3770 de·
1251 3707 1321 3789 [fol.
1346 3723 1397 3786 72.

188 3796 285 3862 ficiat
330 3799 447 3863 Amen.

233 3884 333 3968 Quod
358 3887 429 3968 ipse
452 3894 601 3969 prestare
624 3886 792 3968 dignetur.

397 4115 635 4178 Beuumcmo
660 4127 701 4176 Iu
727 4125 997 4178 ORDINATIONE
1020 4123 1188 4173 orncouu

191 4250 455 4379 OMnipotens
485 4250 568 4313 deus
599 4250 656 4331 qui
688 4251 721 4312 in
752 4248 857 4311 ueteri
892 4246 966 4329 lege
997 4244 1083 4308 filios
1114 4245 1180 4307 leui
1218 4245 1252 4306 in
1291 4243 1397 4306 diuini

304 4338 413 4402 cultus
445 4336 666 4400 ministerium
705 4336 861 4398 ordinare
899 4343 934 4397 et
972 4352 1167 4396 consecrare
1198 4332 1401 4413 precepisti.

186 4423 274 4487 hunc
298 4426 436 4488 leuitam
460 4423 493 4486 in
518 4432 652 4486 tuorum
684 4424 906 4486 ministerium
934 4429 1220 4484 sacramentorum
1239 4465 1246 4480 .
1263 4429 1297 4480 et
1320 4439 1397 4480 con-

185 4515 306 4575 secrari
333 4512 498 4595 precipias
521 4521 556 4574 et
579 4510 741 4574 benedici.
786 4511 904 4572 Amen.
