3375 5250
307 436 354 492 150
549 434 659 484 MISSA
683 437 739 485 AD
758 437 937 489 SPONSAM
951 441 1276 493 BENEDICENDAM

841 606 985 682 Prefatrb.

306 723 543 860 (Daequum
564 728 595 779 et
616 719 765 781 salutare.
782 718 846 797 Qui
865 723 991 783 foedera
1012 720 1190 799 nupciarum
1213 722 1326 784 blando
1350 722 1518 798 concordie

437 816 508 874 rugo
545 809 576 860 et
596 798 750 861 insolubili
769 802 854 879 pacis
873 802 997 864 uinculo
1017 803 1215 877 nexcuisti't.
1230 813 1264 865 ut
1278 803 1516 882 multiplicandis

305 876 503 954 adoptionum
530 880 599 940 filiis
627 892 799 941 sanctorum
826 884 1028 945 conubiorum
1055 884 1224 945 fecunditas
1251 885 1365 961 pudica
1385 903 1516 945 seruare-

306 970 373 1032 tur;
399 960 470 1019 Tua
496 958 578 1021 enirn
606 962 730 1023 domine
757 964 970 1040 prouidentia.
984 977 1038 1026 tua
1064 965 1159 1043 gratia
1184 965 1388 1027 ineffabilibus
1415 965 1516 1026 modis

306 1052 465 1131 utrumque
485 1042 640 1118 dispensat
660 1053 695 1103 ut
713 1045 797 1121 quod
817 1046 972 1121 generatio
994 1046 1034 1107 ad
1054 1046 1161 1107 mundi
1182 1048 1246 1107 edit
1264 1058 1420 1109 ornatum.
1434 1066 1518 1123 rege-

305 1118 420 1182 neratio
440 1120 480 1181 ad
500 1123 627 1201 ecclesip
648 1125 794 1201 perducat
813 1140 1029 1205 augmentum.
1046 1147 1111 1205 per.

312 1292 487 1418 HAnc'
477 1293 568 1373 igitur
594 1295 781 1358 oblationem
804 1299 984 1360 famulorum
1013 1308 1134 1359 tuorum
1162 1319 1254 1376 quam
1281 1298 1338 1361 tibi
1364 1298 1519 1361 offerimus

416 1394 472 1453 pro
492 1377 605 1438 mmirla
624 1388 677 1438 tua
703 1396 795 1455 quarn
816 1381 982 1456 perducere
1005 1380 1146 1473 dignatus
1168 1400 1200 1442 es
1221 1383 1262 1441 ad
1290 1391 1403 1441 statum
1431 1398 1519 1440 men-

305 1481 372 1539 sure
393 1468 423 1520 et
443 1458 484 1519 ad
504 1456 586 1519 diem
606 1460 777 1553 nuptiarum
797 1479 854 1537 pro
875 1480 935 1539 qua
955 1460 1103 1521 maiestati
1119 1472 1171 1540 tue
1192 1461 1341 1539 supplices
1362 1460 1518 1521 fundimus

305 1560 409 1620 preces
429 1549 464 1599 ut
483 1558 551 1601 eam
571 1540 724 1618 propicius
744 1560 816 1601 cum
837 1540 922 1623 suim
943 1561 999 1604 suo
1019 1544 1162 1621 copulare
1183 1542 1314 1622 digneris
1336 1540 1399 1624 [soi
1429 1560 1517 1618 172v

304 1638 466 1701 quesumus
486 1620 611 1683 domine
631 1632 665 1683 ut
684 1623 829 1701 placatus.

376 1784 529 1844 Uesumus
557 1780 751 1860 omnipotens
778 1782 855 1843 deus
882 1780 1022 1844 instituta
1042 1782 1232 1862 prouidentie
1259 1794 1311 1862 tue
1339 1782 1393 1861 pio
1413 1800 1518 1843 amore

305 1862 584 2022 cusmdgogtnissrre.
576 1872 633 1926 ‚ut
660 1882 737 1941 quos
764 1864 899 1942 legitima
926 1864 1072 1927 societate
1105 1866 1240 1962 conectis
1275 1867 1407 1943 longeua
1439 1882 1519 1941 pace

818 2134 991 2196 Benedictio.

310 2250 437 2376 DEus
454 2249 506 2329 qui
524 2260 673 2329 potestate
694 2248 811 2313 uirtutis
831 2260 903 2312 tuae
923 2252 963 2312 de
982 2249 1097 2312 nichilo
1116 2261 1228 2313 cuncta
1247 2248 1346 2313 fecisti
1359 2293 1368 2310 .
1383 2247 1436 2328 qui
1455 2249 1520 2311 dis·

413 2332 519 2410 positis
539 2332 741 2394 uniuersitatis
762 2331 892 2394 exordiis
912 2333 1029 2394 homini
1052 2332 1091 2393 ad
1111 2332 1274 2409 imaginem
1294 2330 1424 2403 sacta’t.
1439 2332 1519 2393 Ideo

304 2414 503 2491 inseparabile
531 2413 663 2473 mulieris
690 2413 870 2475 adiutorium
903 2414 1090 2477 condidisti
1106 2425 1140 2475 ut
1167 2416 1300 2475 femineo
1327 2410 1448 2491 corpori
1476 2414 1517 2473 de

305 2496 383 2557 uirili
404 2494 491 2555 dares
517 2512 607 2555 carne
634 2492 834 2573 principium.
851 2496 967 2555 docens
995 2495 1066 2573 quia
1092 2496 1177 2574 quod
1201 2515 1238 2557 ex
1264 2514 1327 2556 uno
1354 2493 1519 2571 placuisset

304 2574 420 2640 institui
441 2594 607 2654 numquam
628 2575 733 2637 liceret
756 2574 909 2655 disiungi.
925 2578 1009 2638 Deus
1037 2576 1089 2654 qui
1113 2588 1176 2638 tam
1195 2577 1353 2639 excellenti
1373 2573 1517 2655 mysterio

305 2658 493 2735 coniugalem
518 2659 658 2734 copulam
682 2657 887 2719 consecrasti.
903 2668 936 2719 ut
963 2659 1068 2719 christi
1089 2669 1119 2720 et
1143 2660 1269 2737 ecclesie
1294 2667 1516 2718 sacramentum

306 2741 492 2819 presignares
519 2739 551 2799 in
579 2739 701 2800 foedere
729 2739 921 2816 nuptiamm.
939 2741 1024 2800 Deus
1050 2759 1106 2818 per
1127 2760 1217 2818 quem
1251 2741 1358 2800 mulier
1384 2737 1520 2817 iungitur

306 2825 395 2884 uiro.
410 2831 440 2881 et
462 2822 590 2881 societas
610 2819 811 2898 principaliter
832 2821 992 2881 ordinata.
1009 2839 1046 2881 ea
1066 2821 1279 2882 benedictione
1299 2820 1429 2882 donatur
1455 2839 1519 2897 que

306 2907 402 2964 aufert
421 2900 573 2980 originalis
594 2901 712 2979 peccati
732 2921 886 2979 poenam.
898 2912 929 2962 et
949 2901 1050 2961 omnis
1070 2902 1290 2963 maledictionis
1311 2899 1514 2962 sententiam.

308 2983 439 3062 Respice
463 2982 608 3060 propitius
631 3001 719 3060 super
746 2983 826 3043 hanc
850 2984 993 3042 famulam
1021 2994 1127 3044 tuam.
1142 2983 1196 3046 ill.
1211 3003 1271 3061 que
1298 2981 1461 3043 maritali
1451 3001 1519 3042 1un-

308 3069 406 3143 genda
425 3064 600 3125 consortio.
617 3073 669 3123 tua
688 3083 721 3124 se
742 3064 856 3142 expetit
874 3062 1063 3141 protectione
1083 3063 1215 3126 muniri.
1230 3063 1307 3124 Sit
1297 3083 1330 3156 tn
1354 3083 1392 3124 ea
1410 3061 1516 3140 iugum

307 3143 477 3206 dilectionis
498 3155 528 3205 et
552 3143 656 3221 pacis
667 3144 761 3205 fidelis
783 3155 813 3206 et
833 3158 919 3205 casta
941 3144 1065 3205 nubat
1057 3165 1089 3205 ιιι
1112 3143 1281 3238 [christo.
1272 3143 1339 3204 rmi-
1361 3142 1425 3225 [fol.
1446 3160 1481 3220 17
1486 3162 1516 3219 3

307 3229 456 3304 tatrixque
486 3236 656 3285 sanctamm
691 3236 867 3302 permaneat
901 3225 1080 3286 seminarum
1096 3273 1104 3288 .
1119 3226 1163 3286 Sit
1190 3225 1326 3287 amabilis
1352 3236 1387 3285 ut
1413 3226 1517 3286 rachel

306 3310 371 3368 uiro
382 3350 390 3367 .
401 3305 521 3384 sapiens
539 3317 573 3366 ut
595 3308 759 3368 Rebecca.
775 3310 921 3384 Longeua
939 3319 970 3367 et
990 3307 1088 3368 fidelis
1106 3318 1140 3367 ut
1158 3326 1224 3367 sara
1238 3353 1246 3370 .
1262 3306 1348 3366 Nihil
1367 3305 1400 3366 in
1421 3325 1458 3366 ea
1478 3326 1517 3367 ex

306 3388 423 3450 actibus
444 3387 504 3447 suis
524 3388 574 3449 ille
595 3398 701 3448 auctor
721 3387 966 3466 preuaricationis
987 3399 1111 3465 usurpet
1126 3433 1134 3449 .
1148 3407 1227 3448 nexa
1253 3387 1325 3448 ndei
1351 3388 1518 3448 mandatis-

307 3489 367 3548 que
389 3480 563 3547 pennaneat
590 3471 643 3530 uni
669 3471 756 3530 thoro
784 3470 908 3531 iuncta.
924 3480 1082 3530 contactus
1110 3469 1240 3530 inlicitos
1268 3467 1384 3546 fugiat.
1399 3469 1518 3528 muniat

307 3551 511 3611 infirmitatem
536 3569 622 3611 suam
649 3553 758 3611 robore
785 3551 967 3629 discipline.
982 3550 1027 3612 Sit
1054 3551 1238 3612 uerecundia
1264 3549 1386 3628 grauis.
1401 3548 1518 3626 pudore

306 3632 510 3694 uenerabilis.
525 3631 670 3692 doctrinis
691 3634 872 3693 caelestibus
892 3632 1030 3693 erudita.
1047 3634 1090 3692 Sit
1111 3631 1312 3692 foecundam
1333 3632 1461 3692 sobole.
1476 3629 1518 3691 sit

305 3716 433 3792 probata
460 3722 491 3773 et
518 3712 688 3775 innocens.
704 3726 734 3773 et
761 3717 797 3774 ad
827 3716 985 3774 beatorum
1013 3712 1147 3790 requiem
1175 3724 1266 3790 atque
1300 3713 1340 3773 ad
1374 3711 1518 3773 caelestia

308 3814 400 3873 regna
423 3793 600 3871 perueniat.
616 3807 647 3855 et
669 3793 770 3854 uideat
790 3795 867 3855 lilios
888 3793 1016 3855 filiorum
1037 3813 1158 3855 suorum
1177 3793 1325 3870 usquein
1346 3791 1464 3854 tertiam
1485 3804 1518 3852 et

306 3886 443 3953 quartam
486 3876 683 3953 progeniem.
699 3885 729 3935 et
777 3876 816 3936 ad
858 3886 993 3954 optatam
1037 3874 1193 3953 perueniat
1235 3883 1446 3936 senectutem.
1461 3893 1519 3952 per

304 3956 471 4018 dominum.

787 4108 862 4166 Item
882 4105 1037 4167 benedictii).

309 4103 553 4354 OMnipotens
574 4223 649 4283 deus
671 4221 725 4300 qui
748 4221 861 4300 primos
884 4230 1023 4298 parentes
1043 4229 1161 4279 nostros
1184 4220 1273 4279 adam
1296 4229 1327 4280 et
1351 4238 1438 4280 euarn
1459 4241 1516 4281 sua

418 4305 528 4365 uirtute
555 4303 690 4367 creauit.
711 4322 825 4382 suaque
860 4299 1073 4363 benedictione
1107 4299 1327 4361 sanctificauit.
1344 4311 1375 4361 et
1398 4301 1431 4361 in
1459 4321 1516 4362 sua

304 4383 448 4446 societate
486 4385 668 4463 copulauit.
690 4384 755 4463 ipse
793 4385 887 4445 corda
921 4394 951 4443 et
985 4400 1112 4458 corpora
1146 4393 1247 4441 uestra
1280 4382 1447 4443 sanctificet
1482 4395 1515 4444 et

303 4466 482 4528 benedicat.
499 4477 590 4543 atque
618 4465 650 4526 in
677 4466 822 4528 societate
843 4477 875 4526 et
904 4483 1007 4524 amore
1039 4480 1109 4523 uere
1139 4462 1309 4524 dilectionis
1338 4463 1513 4541 coniungat.

301 4550 406 4610 Amen.
