3375 5250
476 423 794 475 BENEDICTIONES
812 424 1071 477 EPISCOPALES.
1339 426 1383 477 161

485 660 535 743 [ln
545 662 623 739 festo
645 662 674 722 S
698 664 851 722 Michaelis
871 660 1070 744 Archangeli]
1158 652 1162 657 ’

214 802 381 865 Benedicat
394 822 449 863 uos
464 803 655 881 omnipotens
670 804 759 865 deus.
773 802 916 881 angelicis
934 803 1205 866 interuenientibus
1219 803 1384 884 suffragiis.

174 894 206 947 et
226 885 333 945 liberet
355 884 532 962 apericulis
553 882 709 945 uniuersis.

217 966 339 1042 Quique
365 965 536 1043 archangeli
562 964 738 1026 michahelis
763 964 892 1043 supplici
916 975 990 1027 uoto
1012 966 1045 1025 in
1069 964 1154 1026 terris
1176 964 1285 1026 festum
1309 967 1386 1027 cele-

174 1048 265 1107 bratis
298 1045 480 1123 gloriosum.
498 1047 565 1123 ipso
600 1046 767 1123 opitulante
800 1046 925 1125 perduci
960 1047 1138 1108 mereamini
1177 1047 1217 1107 ad
1255 1066 1385 1126 superne

172 1128 266 1206 glorie
287 1126 534 1189 immarcescibile
554 1146 687 1205 regnum.

217 1211 257 1269 Et
278 1210 386 1285 quibus
407 1209 506 1270 adhuc
527 1206 645 1269 mortali
666 1226 792 1285 corpore
810 1207 941 1285 grauatis
958 1207 1019 1268 iam
1036 1208 1075 1269 de
1093 1208 1230 1286 angelica
1249 1211 1387 1286 sollemp

175 1290 271 1350 nitate
310 1291 447 1351 clarescit
485 1288 686 1350 inestimabile
725 1289 891 1367 tripudium
906 1335 913 1350 .
928 1291 1086 1366 contingat
1124 1291 1317 1368 postmodum
1354 1291 1386 1350 in

176 1369 355 1449 celestiam†
380 1370 540 1448 perspicua
566 1371 661 1449 gloria
684 1368 812 1447 adipisci
839 1370 977 1431 cumeis
1007 1371 1060 1449 pio
1089 1370 1234 1449 largiente
1262 1370 1388 1433 domino

175 1450 399 1513 interminabile
418 1453 542 1513 donum.
717 1451 719 1455 ’

218 1533 311 1608 Quod
325 1532 399 1611 ipse.

218 1614 395 1675 Benedictio
416 1613 466 1675 dei
485 1611 577 1693 patris
598 1612 824 1693 omnipotentis.

634 1880 695 1965 [De
714 1891 815 1943 sancta
835 1879 936 1963 cruca]

219 2029 399 2108 (Benedicat
420 2026 509 2089 uobis
529 2027 722 2103 omnipotens
744 2026 847 2087 deus!
861 2025 912 2104 qui
935 2044 987 2103 per
1009 2025 1155 2105 unigeniti
1177 2029 1223 2088 sui
1247 2026 1309 2109 [fol.
1323 2030 1390 2104 187.

179 2113 266 2173 ihesu
299 2108 402 2171 christi
430 2109 546 2170 domini
576 2108 671 2169 nostri
701 2108 874 2185 passionem
906 2117 936 2167 et
968 2108 1065 2168 crucis
1096 2109 1264 2186 patibulum
1295 2128 1390 2187 genus

179 2192 307 2254 redemit
327 2193 502 2252 humanum.

223 2273 439 2349 Concedatque
473 2270 561 2331 uobis
584 2315 591 2330 .
613 2279 647 2330 ut
681 2290 750 2330 cum
781 2268 921 2331 omnibus
950 2268 1081 2329 sanctis.
1099 2290 1158 2348 que
1188 2270 1226 2330 sit
1255 2269 1390 2331 eiusdem

180 2356 277 2415 crucis
305 2353 463 2432 longitudo
478 2398 485 2411 .
500 2351 629 2412 latitudo
644 2397 652 2412 .
667 2349 834 2412 sublimitas
850 2398 857 2413 .
872 2361 903 2412 et
929 2352 1111 2430 profundum
1126 2394 1134 2410 .
1150 2363 1251 2412 mente
1279 2352 1392 2412 deuota

178 2436 436 2513 comprehendere
457 2431 591 2493 ualeatis.

223 2518 372 2594 Quatiuus
403 2524 520 2576 uosmet
554 2515 637 2591 ipsos
671 2513 850 2590 abnegando
878 2533 1058 2591 crucemque
1092 2512 1272 2588 gestando!
1284 2513 1326 2573 ita
1360 2513 1392 2573 in

181 2599 327 2678 presentis
361 2598 423 2676 uite
457 2594 556 2658 stadio
596 2595 818 2673 redemptorem
853 2606 989 2657 nostrum
1023 2594 1144 2672 possitis
1176 2593 1263 2673 sequi
1278 2642 1286 2658 .
1301 2606 1334 2656 ut
1364 2596 1392 2657 ei

180 2679 259 2742 inter
279 2681 386 2740 choros
407 2679 581 2756 angelorum
602 2689 670 2755 post
690 2677 807 2738 obitum
829 2677 1003 2739 mereamini
1023 2677 1153 2737 asscisci.

224 2762 317 2839 Quod
337 2760 402 2838 ipse
421 2759 577 2838 prestare.1

405 2910 413 2939 ¹
430 2909 486 2961 The
501 2924 575 2960 verso
592 2909 622 2959 os
634 2908 679 2959 iol.
701 2907 747 2972 187
764 2907 880 2959 contains
896 2909 940 2960 the
957 2909 1042 2960 Greek
1058 2908 1185 2974 alphabet.

233 4637 388 4690 ROBERT.
