3375 5250
712 355 971 404 CONSECRATIO
991 356 1114 405 REGIS.

759 562 959 628 Consecratio
980 564 1074 644 regis.

313 706 579 837 OMnipotens
603 702 806 783 sempiterne
830 702 1074 767 deus.creator
1096 722 1136 766 ac
1156 704 1360 786 gubernator
1380 708 1463 772 caeli
1485 722 1522 774 et

426 802 551 859 terrae.
564 791 718 855 conditor
738 797 772 853 et
791 788 972 871 dispositor
986 789 1181 872 angelorum
1197 802 1232 856 et
1248 792 1423 858 hominum
1436 843 1444 859 .
1457 817 1520 860 rex

311 903 427 965 regum
451 891 485 945 et
507 879 664 943 dominus
687 877 900 940 dominorum
916 925 923 940 .
937 878 994 958 qui
1014 877 1176 941 abraham
1196 878 1329 945 fidelem
1353 882 1516 947 famulum

312 981 407 1033 tuum
435 968 478 1031 de
507 965 661 1029 hostibus
690 964 897 1046 triumphare
927 962 1034 1028 fecisti
1051 1012 1059 1030 .
1076 966 1187 1047 moysi
1210 976 1244 1029 et
1270 968 1364 1046 iosue
1388 972 1519 1052 populo

300 1067 371 1127 „tuo
397 1053 534 1140 prelatis
559 1050 779 1133 multiplicem
804 1050 979 1114 uictoriam
1005 1052 1152 1116 tribuisti
1168 1102 1176 1117 .
1192 1052 1354 1118 humilem
1381 1076 1518 1139 quoque

308 1144 436 1208 dauid.
452 1161 593 1224 puerum
638 1149 734 1203 tuum
780 1135 905 1219 regnol
949 1139 1084 1220 fastigio
1133 1139 1347 1208 sublimasti.
1369 1163 1516 1226 eumque

308 1229 368 1314 lde
390 1250 447 1295 ore
470 1228 576 1292 leonis
600 1236 634 1290 et
656 1228 699 1289 de
723 1244 824 1288 manu
843 1226 971 1290 bestiae
992 1235 1094 1307 atque
1117 1227 1319 1308 goliae.sed
1349 1226 1423 1315 [fol.
1443 1235 1514 1310 164.

309 1328 344 1382 et
370 1318 414 1382 de
438 1316 554 1399 gladio
579 1313 728 1395 maligno
755 1312 895 1376 saul.et
917 1314 1068 1376 omnium
1092 1314 1302 1378 inimicorum
1325 1322 1396 1381 eius
1419 1318 1518 1383 liber·

306 1406 396 1469 asti.
413 1412 447 1468 et
477 1401 685 1466 salomonem
709 1400 894 1481 sapientiae
923 1401 1082 1483 pacisque
1109 1401 1273 1473 ineffabili
1299 1424 1435 1469 munere
1465 1409 1517 1470 di·

307 1492 387 1555 tasti
402 1540 409 1555 .
427 1490 554 1573 respice
576 1487 740 1569 propitius
763 1488 807 1549 ad
830 1506 946 1569 preces
969 1500 1104 1551 nostrae
1126 1488 1325 1554 humilitatis
1339 1539 1347 1555 .
1360 1502 1395 1556 et
1414 1513 1517 1576 super

307 1578 395 1642 hunc
422 1576 585 1641 famulum
611 1584 729 1639 tuum.
746 1574 778 1636 N
795 1594 920 1655 ,quem
942 1573 1084 1656 supplici
1107 1575 1288 1640 deuotione
1311 1578 1345 1641 in
1372 1599 1515 1663 regnum

307 1665 483 1747 anglorum
506 1665 578 1727 siue
608 1681 776 1725 saxonum
804 1662 929 1743 pariter
952 1661 1114 1743 elegimus
1140 1662 1415 1730 benedictionum
1441 1678 1516 1732 tua-

307 1772 379 1816 rum
404 1752 494 1816 dona
518 1750 725 1832 multiplica.
742 1767 888 1830 eumque
910 1749 1053 1812 dextera
1074 1759 1154 1813 tuae
1183 1753 1355 1833 potentiae
1380 1775 1514 1837 semper

306 1840 431 1921 ubique
454 1836 647 1902 circumda.
663 1836 821 1918 quatinus
852 1835 993 1917 predicti
1026 1834 1173 1900 abrahae
1209 1838 1373 1904 fidelitate
1402 1841 1513 1906 firma·

305 1936 383 1990 tus.
401 1926 509 2007 moysi
541 1924 798 1988 mansuetudine
835 1924 961 1986 fretus.
978 1923 1071 1986 iosu'e
1109 1924 1305 1990 fortitudine
1341 1930 1512 1993 munitus.

298 2014 408 2077 dauid
443 2012 632 2076 humilitate
670 2009 866 2074 exaltatus.
883 2009 1067 2073 salomonis
1106 2011 1273 2093 sapientia
1308 2014 1511 2079 decoratus.

304 2101 366 2164 tibi
388 2102 420 2163 in
440 2099 595 2165 omnibus
616 2098 813 2180 conplaceat
828 2146 835 2162 .
853 2107 888 2161 et
911 2117 970 2179 per
988 2098 1158 2162 tramitem
1181 2099 1329 2164 iustitiae
1347 2102 1513 2167 inoffenso

303 2208 419 2270 gressu
443 2206 575 2268 semper
601 2186 758 2249 incedat.
775 2194 809 2248 et
831 2184 937 2248 totius
963 2185 1081 2267 regni.
1098 2185 1131 2247 N
1148 2236 1155 2249 .
1171 2186 1327 2250 eclesiam
1351 2190 1510 2273 deinceps

302 2295 381 2339 cum
413 2274 565 2357 plebibus
592 2273 656 2335 sibi
683 2273 826 2334 annexis
856 2271 904 2335 ita
939 2273 1108 2337 enutriat.
1124 2270 1164 2335 ac
1195 2274 1340 2339 doceat.
1356 2277 1511 2341 muniat.

301 2371 339 2427 et
363 2364 528 2425 instruat.
546 2370 731 2441 contraque
766 2378 885 2423 omnes
916 2358 1063 2422 uisibiles
1103 2368 1138 2422 et
1174 2360 1358 2425 inuisibiles
1395 2362 1511 2427 hostes

304 2450 394 2513 idem
441 2458 597 2532 potenter
642 2446 864 2529 regaliterque
908 2456 989 2510 tuae
1032 2446 1164 2511 uirtutis
1208 2448 1454 2513 amministret.
1472 2466 1510 2514 ut

304 2536 430 2620 resgale
464 2536 585 2599 solium
616 2534 773 2598 uidelicet
808 2532 984 2615 anglorum
1021 2532 1074 2596 uel
1109 2553 1277 2599 saxonum
1324 2532 1508 2621 [sol.164v.

301 2623 463 2707 sceptro†
494 2643 561 2688 non
585 2623 717 2686 deserat
733 2669 741 2686 .
756 2622 816 2686 sed
844 2621 888 2685 ad
912 2620 1074 2705 pristinae
1091 2618 1171 2685 fidei
1194 2624 1353 2706 pacisque
1372 2644 1509 2688 concor-

303 2712 395 2775 diam
425 2731 540 2776 eorum
571 2710 703 2773 animos
733 2709 767 2772 te
800 2707 989 2791 opitulante
1023 2708 1221 2775 confirmet.
1238 2721 1275 2775 ut
1305 2712 1507 2794 populorum

300 2798 419 2863 debita
457 2798 664 2861 subiectione
704 2795 829 2860 fultus.
846 2795 1016 2877 condigno
1051 2816 1166 2859 amore
1203 2795 1408 2879 glorificatus
1423 2833 1436 2864 ‚1
1447 2814 1507 2883 per

303 2886 441 2968 longum
471 2886 561 2948 uitae
592 2883 738 2965 spatium
769 2893 929 2964 paternae
959 2883 1090 2965 apicem
1123 2884 1250 2966 gloriae
1279 2894 1340 2949 tua
1369 2886 1505 2950 misera-

299 2973 410 3037 tione'
427 2974 556 3036 unatim
587 2970 737 3035 stabilire
767 2979 802 3033 et
827 2970 1015 3051 gubernare
1046 2982 1235 3036 mereatur.
1253 2972 1348 3036 Tuae
1370 2993 1506 3057 quoque

300 3060 518 3142 protectionis
562 3057 660 3140 galea
697 3057 874 3122 munitus.
896 3065 930 3120 et
972 3065 1067 3121 scuto
1118 3058 1332 3140 insuperabili
1383 3063 1505 3143 iugiter

300 3156 493 3228 protectus.
511 3146 678 3228 armisque
709 3144 910 3208 caelestibus
944 3144 1169 3208 circumdatus
1187 3193 1195 3210 .
1212 3146 1370 3228 optabilis
1401 3149 1505 3212 uicto·

297 3236 368 3298 riae
391 3233 596 3315 triumphum
610 3282 617 3296 .
631 3235 675 3296 de
696 3230 849 3295 hostibus
872 3230 1011 3295 feliciter
1036 3232 1404 3316 capiat.terroremque
1422 3256 1504 3300 suae

299 3322 473 3402 potentiae
502 3319 693 3383 infidelibus
724 3318 919 3383 inserat.et
949 3338 1066 3400 pacem
1094 3319 1155 3383 tibi
1187 3321 1409 3387 militantibus
1435 3324 1503 3387 lae-

295 3418 410 3472 tanter
447 3415 617 3491 reportet.
635 3406 828 3471 Uirtutibus
862 3425 993 3469 necnon
1030 3406 1152 3488 quibus
1186 3408 1354 3490 praefatos
1387 3409 1503 3474 fideles

297 3507 374 3561 tuos
405 3495 595 3560 decorasti.
612 3492 789 3574 multiplici
819 3492 955 3556 honoris
981 3493 1216 3557 benedictione
1242 3498 1450 3562 condecora.
1467 3508 1502 3562 et

293 3584 330 3646 in
356 3583 520 3665 regimine
549 3581 643 3664 regni
672 3579 861 3644 sublimiter
886 3579 1036 3644 colloca.
1053 3588 1088 3644 et
1111 3581 1187 3644 oleo
1213 3583 1342 3665 gratiae
1365 3584 1502 3668 spiritus

292 3671 404 3733 sancti
427 3688 583 3752 perunge.

471 3993 537 4056 Hic
557 4000 702 4074 ungatur
723 3991 787 4053 oleo
801 4037 807 4054 .
823 3999 857 4053 et
876 3991 951 4054 llaec
969 3991 1319 4074 canteturantiplwna.

337 4145 520 4206 anerunt
549 4139 757 4202 salomonem
789 4139 891 4202 sadoc
922 4140 1078 4202 sacerdos
1108 4150 1143 4204 et
1172 4141 1300 4205 nathan
1334 4144 1499 4225 propheta

289 4250 406 4314 regem
428 4230 461 4292 in
485 4246 576 4310 gyon
599 4225 649 4311 set
671 4226 869 4289 accedentes
891 4227 1071 4291 dixerunt.
1085 4228 1178 4292 uiuat
1201 4249 1264 4292 rex
1282 4230 1317 4292 in
1340 4229 1412 4312 [fol.
1428 4231 1498 4313 165.

285 4330 453 4383 eternum.

642 4435 651 4464 ¹
670 4436 805 4486 Corrected
817 4437 852 4500 by
860 4453 876 4486 a
886 4434 937 4487 late
948 4435 1018 4487 haud
1029 4443 1056 4487 to
1067 4439 1145 4504 regni.
