3375 5250
307 383 337 432 16
612 387 932 438 BENEDICTIONES
951 389 1212 440 EPISCOPALES.

304 546 430 611 deuota
459 547 665 611 conuenistis
681 599 687 612 .
704 557 894 612 etemarum
921 549 1060 633 dapium
1099 548 1275 614 uobiscum
1312 548 1430 632 epulas
1467 569 1518 614 re·

305 635 455 716 portetis.
501 635 618 699 Amen.

349 720 461 803 Ipsius
492 742 626 804 quoque
656 721 843 805 opitulante
872 722 1052 787 clementia
1082 724 1291 789 mundemini
1316 744 1337 788 a
1360 723 1515 788 sordibus

304 818 519 890 peccatorum
537 857 546 874 .
562 809 620 891 qui
644 815 686 872 ad
712 809 951 874 insinuandum
973 810 1174 876 humilitatis
1197 812 1394 895 exemplum
1413 813 1518 895 pedes

304 895 411 960 uoluit
428 896 541 960 lauare
557 896 805 979 discipulorum.
852 899 970 962 Amen.

348 981 451 1066 Quod
467 984 547 1066 ipse.

522 1197 779 1281 [Baunmcmo
803 1210 845 1260 m
872 1195 1047 1261 Snnanro
1073 1197 1237 1262 Snucro.
1369 1198 1438 1282 [sol.
1463 1214 1515 1265 21.

309 1336 444 1463 DEus
470 1337 527 1419 qui
558 1347 701 1400 mortem
732 1344 881 1400 nostram
912 1336 1081 1418 ingressus
1104 1336 1223 1401 inferni
1246 1347 1371 1403 tartara
1393 1338 1427 1402 in
1450 1339 1513 1404 hac

417 1435 517 1488 nocte
544 1425 697 1488 deuicisti
728 1425 853 1488 uirtute
875 1423 992 1486 diuina
1008 1474 1016 1488 .
1032 1425 1165 1507 suscipe
1190 1427 1355 1508 propitius
1385 1425 1514 1506 familie

301 1519 359 1588 tue
382 1532 497 1595 preces
521 1511 726 1575 humillimas
750 1521 832 1574 uoto
857 1511 985 1588 sincere
1011 1512 1134 1575 mentis
1158 1513 1298 1578 oblatas.
1342 1513 1461 1578 Amen.

347 1598 393 1662 Et
426 1618 511 1680 quos
548 1599 716 1662 ueteribus
753 1598 892 1662 maculis
929 1596 1143 1680 baptismatis
1185 1601 1383 1664 emundauit
1420 1601 1512 1666 unda

301 1695 431 1749 sacrata
447 1735 454 1750 .
470 1706 529 1768 per
551 1685 721 1749 lauacrum
752 1697 810 1763 tue
844 1684 1062 1767 protectionis
1093 1686 1221 1750 auxilio
1252 1687 1410 1770 purgati.
1427 1687 1511 1751 tales

301 1781 380 1836 ante
402 1783 436 1836 te
457 1782 688 1855 presententur
711 1773 744 1835 in
768 1771 1077 1854 iudicium.quales
1099 1793 1188 1837 nunc
1210 1783 1442 1856 processerunt
1464 1795 1510 1839 ex

300 1857 478 1941 baptismo.
522 1860 640 1924 Amen.

346 1946 392 2011 Et
426 1947 484 2030 qui
514 1957 549 2011 te
584 1949 763 2011 miserante
792 1947 940 2010 reuocati
970 1956 1049 2010 sunt
1083 1947 1118 2010 in
1148 1949 1317 2032 paradyso
1350 1961 1511 2031 pereunte

300 2044 455 2116 peccato.
470 2055 537 2097 non
553 2036 690 2117 patiaris
711 2033 829 2098 exules
853 2032 923 2096 fieri
939 2043 1135 2097 renascente
1154 2037 1344 2101 commisso.
1389 2037 1508 2102 Amen.

344 2121 391 2185 Et
414 2122 473 2204 qui
499 2130 533 2185 te
556 2123 659 2185 semel
688 2118 852 2204 agnouit¹
875 2121 1060 2204 principem
1088 2122 1317 2188 uniuersitatis
1341 2134 1376 2188 et
1400 2125 1509 2188 domi-

300 2227 379 2272 num
397 2257 404 2274 .
421 2229 604 2291 numquam
629 2211 753 2272 inuasis
776 2207 930 2273 sensibus
952 2209 986 2271 in
1008 2228 1044 2272 se
1064 2212 1336 2291 tyrannizantem
1360 2212 1510 2276 sentiant

298 2295 478 2360 inimicum.
524 2297 640 2361 Amen.

341 2383 444 2467 Quod
466 2385 538 2466 ipse
561 2394 709 2466 prestare
732 2384 897 2466 dignetur.

341 2469 536 2535 Benedictio
560 2471 614 2534 dei
638 2472 742 2555 patris
766 2481 800 2534 et
823 2469 906 2536 iiiii2

483 2701 737 2786 [Bauanrcmo
761 2712 802 2762 m
826 2713 891 2763 Dra
914 2698 1094 2764 Snucmu
1117 2699 1315 2783 Pascnan]

296 2840 541 2969 [BEnedicat
564 2860 624 2902 uos
647 2838 860 2920 omnipotens
883 2838 966 2901 deus
992 2836 1153 2900 hodierna
1171 2834 1289 2912 linter·
1354 2836 1408 2903 sol.
1431 2856 1480 2903 22.

418 2928 575 2991 ueniente
605 2926 730 3009 pascali
760 2924 1040 3006 sollempnitate.
1064 2934 1099 2987 et
1129 2924 1173 2987 ab
1203 2925 1296 2987 omni
1357 2924 1411 2991 fol.
1429 2941 1502 2991 22v.

295 3014 471 3079 miseratus
496 3015 652 3097 dignetur
675 3012 856 3076 defendere
880 3012 1055 3093 prauitate.
1100 3010 1218 3075 Amen.

339 3101 385 3166 Et
415 3102 471 3183 qui
503 3103 546 3165 ad
577 3109 746 3164 aeternam
778 3099 883 3162 uitam
915 3098 949 3161 in
981 3097 1143 3180 unigeniti
1179 3098 1231 3161 sui
1262 3100 1502 3164 resurrectione

294 3208 354 3251 uos
371 3198 522 3271 reparat.
536 3189 570 3251 in
589 3189 693 3271 ipsius
710 3187 858 3251 aduentu
875 3184 1125 3249 inmortalitatis
1141 3206 1202 3249 uos
1218 3186 1350 3268 gaudiis
1368 3188 1501 3251 uestiat.

290 3276 407 3339 Amen.

336 3363 382 3427 Et
412 3362 470 3445 qui
495 3362 641 3444 expletis
668 3360 865 3423 ieiuniorum
888 3360 960 3423 siue
984 3359 1147 3441 passionis
1170 3359 1359 3423 dominicae
1381 3361 1499 3425 diebus

291 3449 432 3532 pascalis
463 3448 538 3512 sesti
570 3448 694 3531 gaudia
724 3446 930 3512 celebratis.
954 3446 998 3509 ad
1023 3466 1064 3509 ea
1095 3446 1182 3509 festa
1206 3466 1294 3528 quae
1324 3467 1389 3510 non
1421 3457 1499 3513 sunt

289 3557 402 3600 annua
450 3537 510 3600 sed
548 3536 737 3599 continua.
762 3536 835 3617 ipso
872 3534 1061 3617 opitulante
1108 3532 1341 3598 exultantibus
1378 3535 1499 3598 animis

289 3624 438 3688 ueniatis.
484 3625 599 3687 Amen.

333 3710 434 3794 Quod
457 3711 528 3794 ipse
551 3718 699 3793 prestare
722 3709 888 3791 dignetur.

764 3921 862 3985 ITEM
884 3920 994 3984 Aum.

357 4063 428 4126 Eus
465 4062 522 4144 qui
560 4060 697 4126 calcatis
734 4058 855 4123 inferni
900 4059 1030 4141 legibus
1073 4058 1307 4141 captiuitatem
1345 4069 1494 4124 nostram

398 4151 545 4215 resoluta
567 4149 667 4212 hodie
689 4157 883 4211 catenarum
906 4165 1072 4228 compage
1094 4146 1253 4228 dignatus
1277 4166 1312 4209 es
1328 4147 1372 4208 ad
1396 4146 1494 4209 liber-

286 4239 365 4305 tatis
385 4238 513 4321 premia
538 4256 693 4300 reuocare
709 4282 718 4300 .
736 4234 867 4297 Inclina
895 4252 993 4296 aures
1010 4280 1019 4297 .
1038 4232 1131 4312 ltuas
1154 4233 1197 4296 ad
1220 4241 1303 4297 uota
1348 4228 1419 4319 [iol.
1444 4249 1493 4314 23.

317 4376 326 4405 1

315 4441 326 4472 ¹
343 4376 574 4491 lielzlirlerillllll.
590 4450 619 4487 21
632 4438 654 4486 is
669 4435 790 4501 occupied
805 4434 839 4499 by
855 4451 889 4485 an
906 4432 1085 4485 illuminatior.
1120 4433 1176 4483 The
1193 4440 1246 4483 text
1263 4450 1297 4484 on
1314 4434 1360 4485 the
1377 4440 1448 4485 recto
1465 4434 1494 4483 of

283 4508 327 4561 fol.
342 4518 373 4558 22
385 4506 406 4555 is
419 4504 519 4555 written
531 4503 557 4553 in
569 4503 639 4569 gold,
653 4503 704 4552 and
715 4503 874 4552 surrounded
886 4501 920 4566 by
931 4516 965 4551 an
976 4500 1135 4550 ornamental
1146 4499 1247 4549 border.
