3375 5250
574 372 831 423 CONSECRATIO
852 372 974 421 REGIS.
1342 385 1387 435 141

191 526 262 592 His
275 529 439 612 peractis.
458 550 566 594 omnes
587 529 717 594 da'cant.
732 550 828 594 anien
844 577 852 594 .
867 530 931 593 hae
953 540 1132 613 sequantur
1156 532 1317 596 orationes
1337 533 1380 597 ab

709 617 864 701 episcopis.

243 742 274 806 E
300 743 497 807 inuocamus
523 742 659 807 domine
689 752 803 807 sancte
834 751 931 825 pater
960 744 1175 826 omnipotens
1205 746 1389 823 aeternae†

285 830 448 894 deus.ut
475 829 563 893 hunc
596 828 758 893 famulum
793 830 1104 913 tuum.N.quem
1141 839 1220 896 tuae
1250 834 1386 897 diuinae

179 916 440 998 dispensationis
463 917 497 980 in
521 916 703 999 primordio
726 916 931 999 plasmatum
955 938 1061 1000 usque
1083 918 1173 982 hunc
1197 929 1389 1002 presentem

180 1001 269 1067 diem
302 1004 440 1068 iuuenili
470 1002 552 1067 flore
583 1003 745 1068 letantem
780 1023 927 1067 crescere
963 1005 1182 1072 concessisti.
1200 1027 1277 1070 eum
1310 1016 1389 1072 tuae

180 1088 316 1172 pietatis
345 1092 437 1155 dono
463 1092 608 1157 ditatum
624 1138 632 1157 .
648 1090 853 1173 plenumque
878 1092 988 1174 gratia
1014 1092 1165 1157 ueritatis
1194 1094 1238 1158 de
1268 1094 1325 1159 die
1355 1095 1389 1157 in

179 1176 270 1242 diem
301 1198 413 1242 coram
444 1177 509 1242 deo
539 1188 574 1243 et
603 1175 796 1243 hominibus
826 1177 871 1241 ad
902 1177 1040 1242 meliora
1071 1199 1204 1263 semper
1228 1180 1390 1263 proficere

180 1262 283 1328 iacias
299 1312 307 1330 .
324 1274 361 1329 ut
387 1264 510 1329 summi
541 1264 711 1347 regiminis
739 1264 860 1327 solium
887 1266 1016 1347 gratiae
1043 1286 1208 1348 supernae
1231 1266 1388 1351 largitate

179 1351 329 1433 gaudens
359 1352 543 1435 suscipiat.
560 1361 594 1416 et
625 1351 871 1416 misericordiae
906 1360 985 1417 tuae
1023 1373 1119 1417 muro
1153 1353 1197 1419 ab
1236 1354 1386 1419 hostium

180 1437 383 1503 aduersitate
412 1439 562 1521 undique
598 1439 768 1503 munitus.
786 1438 920 1521 plebem
956 1438 1020 1503 sibi
1058 1441 1272 1505 commissam
1308 1462 1386 1506 cum

179 1544 262 1607 pace
285 1526 532 1609 propitiationis
547 1535 582 1590 et
597 1526 771 1604 uirtutae¹s
795 1524 957 1591 uictoriae
979 1526 1120 1592 feliciter
1140 1548 1255 1611 regere
1279 1549 1389 1593 mere-

180 1620 278 1679 atur.
294 1632 361 1695 per.

738 1798 831 1865 Alia.

251 1924 323 1988 Eus
345 1922 402 2007 qui
426 1922 559 2073 populis
583 1921 649 1987 tuis
671 1921 795 1987 uirtute
817 1922 965 1986 consulis
987 1932 1022 1988 et
1044 1944 1158 1989 amore
1180 1926 1389 2000 dominaris.

929 2008 934 2022 Ι

247 2098 255 2112 ·
294 2010 340 2113 da
364 2011 463 2112 huie
482 2010 594 2111 amulo
618 2019 678 2074 tuo
701 2009 856 2091 spiritum
880 2010 1081 2094 salpientiae
1106 2032 1182 2076 cum
1228 2014 1298 2097 [iol.
1318 2021 1390 2100 163.

186 2116 347 2181 regimme
379 2097 601 2180 disciplinae.
619 2107 656 2159 ut
693 2096 755 2160 tibi
790 2106 865 2161 toto
902 2096 1003 2161 corde
1043 2099 1188 2164 deuotus
1225 2104 1259 2165 in
1294 2108 1388 2189 regni

182 2181 367 2267 regimine1
383 2191 518 2248 maneat
541 2203 674 2266 semper
696 2182 836 2247 idoneus
852 2230 860 2248 .
876 2192 1003 2266 tuoque
1026 2204 1164 2251 munere
1185 2187 1313 2269 ipsius²
1337 2214 1389 2258 se·

181 2271 305 2336 curitas
321 2270 461 2336 eclesiae
481 2270 710 2353 dirigatur.et
730 2270 763 2333 in
788 2272 1032 2353 tranquillitate
1053 2273 1192 2338 deuotio
1206 2275 1390 2345 christiana

181 2367 399 2441 permaneat.
417 2368 454 2423 ut
489 2358 523 2422 in
554 2357 650 2422 bonis
681 2356 837 2439 operibus
873 2378 1116 2442 perseuerans.
1131 2363 1176 2427 ad
1210 2373 1385 2431 aeternum

181 2464 321 2529 regnum
345 2444 379 2511 te
402 2446 487 2511 duce
510 2445 621 2509 ualeat
644 2444 839 2528 peruenire.
856 2465 917 2529 per
938 2446 1124 2510 dominum.

739 2648 831 2713 Item.

189 2775 256 2901 IN
287 2772 404 2838 diebus
428 2772 499 2837 eius
529 2772 655 2835 oriatur
684 2771 840 2835 omnibus
871 2772 1023 2856 aequitas
1049 2784 1083 2839 et
1107 2775 1234 2844 iustitia
1250 2829 1257 2843 .
1273 2783 1394 2847 amicis

267 2861 497 2926 adiutorium.
520 2859 663 2922 inimicis
708 2857 919 2924 obstaculum
942 2908 950 2926 .
970 2860 1153 2927 humilibus
1198 2867 1389 2936 solacium.

183 2948 281 3013 elatis
313 2949 474 3012 correctio
489 2997 496 3011 .
513 2945 674 3011 diuitibus
711 2945 886 3010 doctrina.
902 2947 1105 3030 pauperibus
1144 2951 1279 3034 pietas.
1296 2976 1390 3038 pere-

183 3035 287 3118 grinis
314 3033 523 3118 pacificati0.
540 3034 684 3117 propriis
710 3033 745 3095 in
771 3033 880 3116 patria
904 3054 974 3116 pax
1002 3046 1036 3098 et
1063 3038 1245 3104 securitas.
1262 3045 1392 3108 unicui·

184 3142 249 3205 que
284 3123 467 3186 secundum
505 3140 600 3185 suam
640 3139 830 3183 mensuram
869 3121 1092 3200 moderatae†
1125 3124 1316 3207 gubernans
1354 3152 1392 3196 se

184 3213 293 3292 ipsum
332 3209 468 3273 sedulus
505 3208 635 3272 discat.
655 3216 693 3271 ut
734 3217 793 3270 tua
833 3207 990 3289 irrigatus
1029 3213 1299 3292 conpunctione.
1315 3226 1391 3282 toto

184 3297 311 3380 populo
333 3295 394 3361 tibi
417 3296 542 3379 placita
564 3293 702 3378 prebere
725 3295 816 3358 uitae
840 3295 947 3377 possit
970 3297 1146 3379 exempla.
1160 3309 1194 3364 et
1216 3322 1276 3384 per
1300 3305 1391 3369 uiam

185 3383 334 3448 ueritatis
364 3403 441 3446 cum
471 3401 573 3464 grege
601 3381 758 3464 gradiens
784 3377 848 3444 sibi
871 3380 1029 3447 subdito.
1046 3404 1127 3467 opes
1157 3386 1302 3470 frugales
1333 3391 1391 3457 ha·

184 3471 375 3535 bundanter
403 3470 558 3553 adquirat
574 3517 581 3534 .
597 3468 695 3532 simul
727 3468 770 3532 ad
800 3467 944 3532 salutem
975 3488 1043 3534 non
1073 3471 1183 3536 solum
1213 3495 1390 3559 corporum

184 3558 243 3622 sed
265 3559 367 3621 etiam
388 3560 539 3622 cordium
562 3577 583 3621 a
606 3555 640 3619 te
662 3574 854 3620 concessam
873 3554 1009 3640 scuncta
1031 3559 1192 3642 accipiat.
1207 3561 1278 3644 [fol.
1299 3566 1392 3648 163v.

185 3647 299 3727 sicque
321 3644 356 3708 in
385 3654 420 3708 te
449 3644 635 3726 cogitatum
662 3644 764 3707 animi
787 3643 1031 3726 consiliumque
1055 3665 1155 3709 omne
1184 3669 1396 3734 componens

185 3731 292 3815 plebis
321 3730 548 3814 gubernacula
573 3750 649 3793 cum
681 3748 764 3812 pace
793 3729 892 3793 simul
922 3742 957 3794 et
986 3733 1153 3814 sapientia
1178 3756 1312 3819 semper
1341 3741 1391 3803 in·

185 3819 298 3883 uenire
322 3819 501 3883 uideatur.
518 3817 636 3900 Teque
656 3816 842 3881 auxiliante
861 3819 1025 3900 presentis
1046 3820 1135 3883 uitae
1158 3822 1392 3902 prolixitatem

186 3906 366 3988 percipiat.
384 3915 419 3970 et
439 3926 497 3987 per
515 3902 691 3987 tempora³
704 3905 793 3967 bona
809 3925 916 3987 usque
931 3908 974 3968 ad
996 3926 1163 3969 summam
1183 3920 1390 3977 senectutem

187 3992 361 4076 perueniat
376 4041 383 4058 .
398 3991 563 4074 huiusque
593 3990 783 4073 fragilitatis
812 3991 915 4055 finem
945 3993 1129 4075 perlectum
1160 3996 1204 4059 ab
1234 4002 1393 4064 omnibus

187 4081 343 4145 uitiorum
370 4079 511 4143 uinculis
535 4088 613 4143 tuae
639 4079 774 4161 pietatis
801 4079 957 4160 largitate
982 4079 1141 4144 liberatus
1158 4131 1165 4145 .
1182 4093 1216 4146 et
1239 4085 1392 4152 infinitae

187 4167 416 4248 prosperitatis
439 4166 566 4249 premia
589 4176 752 4250 perpetua
775 4165 1038 4248 angelorumque
1064 4179 1201 4233 aeterna
1230 4191 1397 4239 commer-

186 4255 238 4318 cia
260 4264 506 4336 consequatur.
524 4273 590 4336 per.

220 4402 228 4431 ¹
246 4401 306 4450 MS.
319 4399 454 4464 originally
465 4399 592 4450 remmine.
715 4397 724 4426 ²
742 4399 888 4462 tmzporihus
898 4398 981 4449 added
994 4400 1074 4449 above
1087 4399 1137 4450 line
1149 4401 1183 4464 by
1194 4418 1210 4452 a
1221 4402 1272 4455 late
1283 4404 1363 4455 hand.

219 4467 229 4495 ³
249 4470 272 4517 A
284 4467 336 4517 late
347 4467 416 4516 hand
427 4465 473 4514 has
484 4464 576 4524 added,
590 4464 670 4513 above
682 4462 741 4524 line,
756 4465 799 4514 lia.
