3375 5250
289 414 324 476 98
642 421 899 472 consecutivo
919 419 1137 468 accrasnra.

292 576 364 640 eis.
381 577 427 642 Et
457 580 521 661 ipsi
552 580 696 663 populus
726 580 798 643 eius
828 588 948 642 erunt.
965 587 1001 641 et
1034 578 1106 660 ipse
1141 578 1300 641 dominus
1336 594 1414 638 cum
1451 572 1499 634 eis

294 661 357 727 erit
375 685 489 730 eorum
509 668 656 730 deus.et
675 667 847 748 absterget
868 668 953 728 deus
974 684 1111 727 omnem
1134 664 1307 727 lacrimam
1327 664 1372 726 ab
1394 659 1499 724 oculis

294 770 410 815 eorum
427 765 485 817 ,et
515 774 605 817 mors
635 754 724 817 ultra
753 773 822 816 non
852 753 1051 834 erit.neque
1075 753 1208 815 luctus.
1225 771 1335 833 neque
1354 751 1498 813 clamor.

294 857 402 919 neque
433 841 528 904 dolor
557 842 621 905 erit
648 842 760 906 ultra.
775 862 864 923 quae
893 840 1003 921 prima
1030 839 1186 902 abierunt
1207 887 1216 901 .
1237 839 1284 902 Et
1318 838 1408 901 dixit
1441 832 1499 916 qui

298 927 439 991 sedebat
463 930 496 990 in
520 928 763 992 throno.Ecce
786 926 995 991 noua.iaci0
1017 926 1143 989 omnia.

343 1086 518 1153 Graduale.
572 1089 684 1153 Locus
710 1090 773 1152 iste
797 1109 818 1151 a
841 1090 908 1151 deo
927 1087 1038 1151 lactus
1063 1098 1116 1150 est
1145 1085 1369 1150 inestimabile
1392 1103 1500 1147 sacra-

298 1186 449 1239 mentum
480 1176 785 1260 inreprehensibilis
809 1185 872 1238 est.
910 1174 1037 1239 Versus.
1068 1176 1163 1237 Deus
1182 1175 1236 1237 cui
1261 1174 1377 1237 adstat
1399 1190 1500 1253 ange-

297 1261 406 1325 lorum
443 1264 563 1327 chorus
586 1313 595 1327 .
617 1264 744 1326 exaudi
782 1284 898 1345 preces
934 1283 1107 1325 seruorum
1155 1274 1300 1325 tuorum.
1343 1258 1499 1323 Alleluia.

298 1347 463 1413 Adorabo
477 1351 520 1414 ad
539 1351 705 1434 templum
726 1361 880 1413 sanctum
900 1360 997 1414 tuum
1016 1364 1052 1412 et
1073 1348 1260 1412 confitebor
1280 1348 1409 1411 nomini
1431 1356 1499 1408 tuo.

486 1576 799 1660 Sequentia.sancti
817 1576 1181 1660 etmngdii.secrmdum
1203 1579 1319 1639 limam.

306 1715 373 1840 IN
390 1713 447 1777 illo
461 1723 614 1797 tempore
625 1761 634 1777 .
646 1714 811 1795 Egressus
826 1714 939 1776 ihesus
954 1712 1211 1795 perambulabat
1225 1715 1260 1776 in
1275 1714 1443 1777 hiericho.
1458 1715 1504 1779 Et

388 1822 465 1865 ecce
495 1804 545 1863 uir
575 1803 711 1864 nomine
735 1799 878 1863 zacheus
893 1811 946 1864 ‚et
969 1800 1024 1862 hie
1053 1812 1126 1864 erat
1152 1802 1305 1883 princeps
1331 1802 1504 1883 publican-

300 1908 417 1953 orum.
432 1899 467 1951 et
498 1890 570 1971 ipse
600 1889 696 1951 diues
711 1935 719 1951 .
737 1887 783 1951 Et
805 1887 970 1969 querebat
991 1888 1107 1950 uidere
1136 1888 1266 1950 ihesum
1297 1889 1372 1969 quis
1396 1901 1503 1953 esset.

299 1987 334 2039 et
357 1996 424 2038 non
448 1986 582 2058 poterat
609 1996 668 2056 pre
698 1974 908 2056 turba.quia
933 1983 1062 2037 statura
1084 1974 1226 2056 pusillus
1249 1986 1344 2038 erat.
1361 1976 1408 2039 Et
1429 1998 1503 2060 pre·

299 2083 434 2126 currens
454 2064 606 2125 ascendit
628 2064 662 2124 in
685 2060 855 2145 arlborem
875 2061 1101 2123 sichomorum
1122 2072 1161 2124 ut
1182 2062 1311 2125 uideret
1336 2062 1407 2145 [sol.
1434 2078 1505 2144 117.

301 2151 396 2213 illum
411 2198 419 2213 .
436 2150 514 2231 quia
545 2150 623 2211 inde
649 2158 721 2211 erat
746 2147 1027 2211 transiturus.Et
1053 2168 1131 2211 cum
1154 2151 1303 2213 uenisset
1324 2152 1369 2213 ad
1391 2152 1504 2215 locum

301 2238 485 2319 suspiciens
515 2236 627 2299 ihesus
650 2236 736 2298 uidit
758 2235 854 2297 illum
868 2284 877 2299 .
892 2244 927 2297 et
953 2235 1043 2298 dixit
1064 2236 1109 2298 ad
1136 2237 1503 2315 eum.Zachee.sesti-

302 2344 387 2387 nans
405 2324 573 2387 descende
583 2371 590 2385 .
600 2323 680 2405 quia
700 2322 802 2385 hodie
822 2324 857 2384 in
877 2322 982 2385 domo
997 2333 1056 2384 tua
1070 2333 1205 2405 oportet
1220 2343 1275 2385 me
1291 2343 1445 2389 manere.
1460 2327 1506 2389 Et

301 2410 463 2473 festinans
486 2410 660 2473 descendit
671 2458 679 2472 .
691 2419 726 2471 et
748 2409 885 2491 excepit
902 2430 981 2471 eum
1002 2410 1173 2491 gaudens.
1187 2411 1234 2474 Et
1252 2431 1330 2474 cum
1351 2412 1505 2476 uiderent

300 2517 418 2560 omnes
443 2496 697 2560 murmurabant
722 2497 991 2578 dicentes.quod
1018 2499 1062 2559 ad
1088 2497 1262 2559 hominem
1291 2510 1504 2580 peccatorem

303 2584 495 2649 diuertisset
518 2629 528 2649 .
552 2582 654 2650 Stans
688 2594 802 2646 autern
838 2586 1011 2648 zacheus.
1034 2584 1125 2649 dixit
1153 2588 1198 2647 ad
1231 2585 1361 2649 ihesum
1384 2635 1393 2652 .
1416 2586 1506 2651 Ecce

302 2672 479 2735 dimidium
500 2673 665 2734 bonorum
686 2691 837 2734 meorum
860 2673 998 2735 domine
1012 2674 1059 2736 do
1072 2674 1294 2755 pauperibus.
1308 2673 1355 2736 Et
1376 2676 1505 2757 siquid

303 2759 450 2841 aliquem
480 2758 815 2821 defraudaui.reddo
845 2759 1166 2841 quadruplum.Ait
1192 2761 1304 2824 ihesus
1333 2762 1378 2824 ad
1407 2782 1506 2825 eum.

304 2845 394 2928 Quia
415 2845 517 2908 hodie
539 2845 630 2908 salus
652 2846 768 2908 domui
788 2847 866 2908 huic
892 2846 980 2909 lacta
1001 2857 1128 2909 est.eo
1149 2850 1241 2929 quod
1264 2859 1300 2912 et
1323 2850 1396 2930 ipse
1420 2848 1506 2912 lilius

304 2943 393 2996 esset
423 2932 568 3010 abrahe.
583 2932 688 2997 Uenit
717 2934 808 2995 enim
843 2933 930 2996 filius
962 2933 1109 2996 hominis
1141 2954 1279 3016 querere
1309 2947 1345 2999 et
1375 2937 1508 3000 saluum

302 3020 411 3083 iacere
433 3020 524 3101 quod
548 3019 700 3102 perierat.

350 3187 570 3272 offertorium.
618 3187 786 3251 'Domine
807 3190 890 3252 deus
910 3190 945 3252 in
968 3190 1183 3273 simplicitate
1204 3193 1314 3255 cordis
1334 3196 1400 3257 mei
1422 3196 1512 3260 letus

303 3277 411 3358 optuli
437 3277 594 3338 uniuersa
620 3285 654 3338 et
678 3276 841 3357 populum
866 3287 962 3339 tuum
988 3279 1046 3358 qui
1072 3288 1224 3360 repertus
1253 3290 1306 3343 est
1336 3282 1405 3344 uidi
1429 3304 1507 3346 curn

306 3362 434 3446 ingenti
455 3363 580 3444 gaudio
598 3363 681 3425 deus
705 3362 827 3424 israhel
851 3365 982 3427 custodi
1008 3367 1095 3427 hanc
1120 3366 1339 3430 uoluntatem.
1382 3369 1508 3433 Versus.

306 3451 468 3513 Maiestas
491 3450 619 3512 domini
642 3448 813 3513 edificauit
835 3453 1010 3533 templum.
1043 3448 1174 3515 Alium
1209 3451 1305 3516 Fecit
1323 3453 1512 3523 salomon*

785 3705 893 3785 Super
911 3704 1024 3769 oblata

308 3833 573 3962 OMnipotens
598 3829 852 3915 sempitemaet
880 3832 1100 3897 deus.altare
1124 3834 1252 3896 nomini
1279 3845 1339 3900 tuo
1361 3837 1512 3902 dicatum

420 3922 572 3984 caelestis
602 3921 734 3982 uirtutis
763 3920 998 3984 benedictione
1020 3921 1193 3987 sanctifica
1207 3931 1261 3986 ‚et
1289 3924 1446 3989 omnibus
1476 3927 1510 3989 in

305 4023 339 4074 te
370 4009 581 4091 sperantibus
608 4007 725 4069 auxilii
753 4011 802 4070 tui
833 4027 956 4070 munus
985 4011 1194 4073 ostende.ut
1223 4009 1278 4074 hic
1307 4026 1511 4078 sacrament·

304 4118 401 4160 orum
431 4096 560 4160 uirtus.
577 4105 611 4158 et
641 4105 796 4158 uotorum
823 4095 1017 4175 optineatur
1041 4093 1196 4178 leffectus
1212 4143 1220 4158 .
1235 4118 1296 4180 per
1326 4097 1514 4181 [lol.117v.

307 4185 492 4249 dominum.

761 4333 768 4362 ¹
786 4334 923 4384 Corrected
934 4343 962 4384 to
973 4335 1057 4384 Alius.
