3375 5250
265 405 298 469 56
574 408 892 457 BENEDICTIONES
912 405 1170 457 EPISCOPALES.

313 571 360 634 Et
385 568 442 652 qui
467 569 555 632 iuste
581 589 643 651 pro
669 568 817 651 peccatis
847 566 1042 650 affliguntur
1072 566 1267 647 meritisque
1297 560 1476 644 condignis

267 665 505 721 conteruntur.
522 655 584 719 hos
608 676 675 720 non
703 656 860 720 contritio
887 656 1076 737 deprimat.
1093 655 1153 717 sed
1175 672 1309 735 sperare
1332 668 1476 732 superna

268 743 427 826 perficiat.
471 743 590 807 Amen.

316 830 500 894 Patemitas
524 839 584 894 tua
610 829 733 893 christe
757 830 803 892 sic
830 828 916 892 filios
942 828 1087 909 corrigat
1111 838 1145 891 et
1175 824 1346 908 flagellet.
1362 822 1473 907 quati-

269 938 332 982 nus
356 918 389 981 in
413 918 464 979 his
488 936 554 980 non
575 917 623 980 ira
645 916 778 980 seuiens
802 925 1028 999 agnoscatur.
1045 916 1104 978 sed
1130 913 1265 977 diuinae
1288 932 1384 976 amor
1406 910 1476 994 pie·

268 1006 349 1069 tatis
364 1003 592 1087 pretendatur.
636 1004 754 1067 Amen.

313 1092 411 1169 Quod
435 1092 507 1173 ipse
529 1101 677 1173 prestare
699 1092 878 1173 dignetur.
895 1090 989 1152 cuius
1012 1108 1162 1171 regnum.

551 1266 788 1334 Beunmcno
811 1282 853 1331 IN
877 1281 1054 1332 sunnone
1077 1280 1195 1329 nuum.

271 1397 536 1527 OMnipotens
571 1398 654 1461 deus
669 1446 676 1461 .
693 1396 973 1479 triumphantium
1012 1397 1257 1478 gloria.quem
1297 1412 1477 1456 numerosa

384 1505 450 1547 non
474 1484 630 1569 uinfcunt
651 1484 801 1549 uexilla.
818 1485 946 1567 populo
968 1494 1028 1547 tuo
1051 1483 1170 1564 largire
1192 1483 1309 1546 trium·
1333 1478 1400 1562 [sol.
1424 1493 1476 1559 75.

269 1568 374 1651 phum
390 1620 396 1635 .
414 1571 535 1654 quibus
580 1590 711 1635 sacrum
746 1571 933 1635 donaueras
975 1572 1147 1633 lauacrum
1167 1618 1174 1632 .
1195 1579 1229 1632 et
1267 1586 1367 1649 quem
1409 1564 1476 1629 fide

270 1658 385 1720 ditasti
409 1658 573 1722 catholica
589 1707 596 1723 .
611 1658 701 1721 hunc
724 1678 792 1722 non
816 1667 948 1740 premat
970 1658 1129 1739 iniquitas
1151 1656 1294 1720 ethnica.
1339 1653 1456 1716 Amen.

314 1743 360 1807 Et
383 1745 441 1827 qui
465 1765 525 1828 per
549 1745 745 1827 angelorum
771 1746 918 1828 presidia
942 1744 1092 1808 israhelis
1118 1743 1295 1826 protexisti
1323 1741 1476 1821 agmina.

270 1831 457 1914 angelicam
482 1832 572 1915 plebi
596 1830 671 1910 tue¹
693 1853 792 1915 opem
818 1832 968 1896 tribuas.
985 1832 1201 1913 hostiumque
1221 1829 1268 1892 illi
1289 1839 1384 1909 terga
1407 1848 1481 1909 pre-

271 1918 377 1983 beas.
394 1938 456 1982 nec
488 1918 591 1983 fidum
630 1921 690 1983 tibi
725 1920 858 2002 frangat
895 1922 1080 1983 exercitum
1096 1969 1104 1982 .
1121 1918 1276 1981 ferocitas
1317 1914 1476 1997 inpudica

271 2005 457 2087 gentilium.
501 2007 618 2071 Amen.

258 2130 260 2135 ,
316 2092 363 2156 Et
400 2094 486 2156 sicut
523 2094 652 2157 dudum
690 2094 792 2157 dauid
828 2094 861 2155 in
900 2092 991 2174 golla
1028 2093 1218 2174 persoluisti
1256 2088 1477 2171 triumphanti

269 2179 450 2261 spolia.et
479 2181 674 2244 bellicosum
705 2200 864 2243 mucrone
895 2182 1030 2262 proprio
1061 2180 1212 2260 transfigi
1239 2199 1260 2239 a
1285 2193 1344 2239 tuo
1371 2176 1478 2239 iecisti

268 2264 430 2330 famulo(
445 2268 492 2331 ita
518 2287 605 2330 nunc
636 2267 790 2331 ferocitas
827 2265 1004 2348 gentilium
1021 2314 1029 2331 .
1046 2288 1105 2348 per
1131 2268 1263 2329 turbam
1288 2271 1479 2327 conteratur

269 2352 456 2417 humilium.
500 2355 617 2419 Amen.

314 2439 414 2523 Quod
439 2441 510 2522 ipse
533 2450 681 2523 prestare
703 2442 859 2523 dignetur
874 2490 881 2503 .
897 2441 991 2502 cuius
1015 2459 1165 2521 regnum.

495 2626 734 2690 BENEDICTIO
758 2639 798 2687 IN
825 2638 1072 2688 UISITATIONE
1096 2637 1259 2687 INFIRMI.

341 2755 412 2817 Eus
438 2754 495 2836 qui
526 2773 657 2817 socrum
689 2753 827 2816 simonis
859 2753 989 2834 magnis
1021 2752 1230 2817 laborantem
1263 2751 1412 2817 febribus
1443 2753 1476 2816 in

385 2841 435 2904 tui
466 2841 686 2904 ministerium
719 2840 915 2922 imperando
946 2843 1072 2903 sanasti
1089 2891 1096 2905 .
1113 2841 1237 2922 quique
1265 2839 1364 2903 uariis
1389 2839 1478 2902 infir-

272 2937 404 2991 mantes
436 2926 651 3010 languoribus
682 2947 802 2990 manus
833 2927 996 3009 inponens
1027 2927 1279 2990 curasti.hunc
1315 2928 1478 2990 famulum

271 3023 366 3077 tuum
391 3011 541 3100 fcaelesti
566 3013 798 3077 benedictione
823 3015 939 3077 uisites
955 3061 962 3077 .
979 3034 1122 3096 eumque
1149 3015 1284 3078 benedi·
1310 3010 1381 3100 [iol.
1403 3029 1476 3095 75v.

272 3103 379 3165 cendo
402 3099 463 3165 tibi
486 3101 519 3163 in
545 3100 761 3163 ministerium
788 3101 952 3165 restituas.
996 3102 1115 3166 Amen.

316 3187 360 3250 Et
398 3188 455 3270 qui
491 3207 623 3250 seruum
655 3187 856 3250 centurionis
888 3188 1083 3252 moriturum
1116 3197 1248 3252 tantum
1279 3189 1383 3252 uerbo
1413 3187 1480 3252 fide

273 3273 401 3338 domini
431 3275 482 3337 sui
512 3273 755 3339 sanasti.huic
786 3274 958 3356 languenti
990 3274 1136 3339 fidelium
1169 3285 1302 3338 tuorum
1339 3283 1476 3358 precatu

273 3360 540 3425 benedictionem
565 3372 599 3424 et
623 3360 808 3424 subsidium
832 3363 984 3425 conferas
1007 3363 1258 3444 sempiternum.
1302 3363 1419 3426 Amen.

317 3445 450 3532 Quique
481 3449 638 3530 principis
665 3468 860 3532 synagogae
890 3466 1026 3532 precatu
1055 3452 1186 3512 unicam
1214 3451 1301 3512 illius
1328 3449 1430 3512 filiam
1458 3470 1478 3512 a

274 3545 380 3598 morte
418 3535 631 3598 resuscitasse
669 3537 832 3599 ueniens.
855 3536 1026 3600 mulierem
1064 3558 1085 3600 a
1122 3549 1324 3599 cruentaneo
1362 3536 1478 3600 dolore

271 3630 364 3684 tactu
395 3629 526 3685 tantum
558 3621 707 3685 fimbriae
737 3622 861 3686 uirtute
898 3624 1068 3687 dominica
1104 3625 1346 3686 sanasti.huic
1383 3644 1479 3698 egro-

271 3707 355 3771 tanti
392 3719 450 3772 tua
481 3707 614 3772 caelesti
653 3709 884 3773 benedictione
916 3731 983 3774 non
1014 3720 1146 3774 tantum
1176 3712 1323 3793 corporis
1354 3710 1413 3773 sed
1444 3720 1479 3774 et

271 3796 403 3860 animae
426 3795 564 3859 tutelam
589 3795 737 3860 conferre
760 3797 915 3880 digneris.
960 3798 1077 3860 Amen.

316 3881 415 3965 Quod
440 3882 511 3965 ipse
534 3893 684 3965 prestare
708 3883 888 3966 dignetur.
906 3885 999 3948 cuius
1022 3904 1173 3966 regnum.

585 4071 820 4138 Bsuumcno
844 4085 914 4137 suo
938 4085 1160 4137 nesuucms.

274 4197 409 4328 DEus
433 4218 531 4282 quern
556 4199 681 4301 trinum
705 4199 738 4262 in
763 4201 914 4302 personis
939 4211 974 4266 et
995 4211 1151 4302 coeterna
1172 4200 1350 4264 diuinitate
1375 4221 1476 4301 unum

381 4286 701 4352 consubstantialem
731 4287 906 4352 dommum
938 4287 1103 4353 catholica
1129 4286 1307 4352 confitetur
1336 4287 1477 4351 eclesia.

269 4371 325 4456 qui
373 4372 551 4458 mesdelam
594 4375 680 4438 uiuis
706 4422 714 4440 .
741 4375 846 4438 uitam
893 4385 1040 4458 prestare
1079 4374 1166 4438 soles
1209 4384 1285 4456 post
1335 4373 1404 4461 ll⁰¹·
1426 4378 1477 4455 76.

574 4507 582 4539 ¹
599 4507 662 4560 This
674 4509 743 4562 word
755 4525 834 4561 seems
847 4517 873 4560 to
885 4510 917 4562 be
928 4528 943 4561 n
954 4510 1019 4561 later
1029 4510 1162 4562 insertion.
