3375 5250
472 401 791 452 BENEDICTIONES
810 401 1072 455 EPISCOPALES.

391 587 590 652 Donnncn
614 602 739 653 xx1111.
762 601 854 652 posu
880 589 1167 653 Psurucosuuu.

228 721 385 788 Oncedat
409 725 504 788 uobis
528 725 684 789 dominus
708 726 875 809 premium
895 726 1138 790 sincerissimae
1159 727 1328 792 caritatis.
1341 738 1380 791 ut

271 831 347 874 curn
375 813 532 875 omnibus
554 813 679 876 sanctis
704 833 837 895 semper
864 814 898 875 in
925 833 1009 914 pace
1036 814 1170 878 uiuatis.
1216 815 1337 879 Amen.

211 896 428 962 Inimicorum
453 900 605 964 omnium
632 900 770 964 insidias
798 901 987 983 superetis.
1004 911 1038 966 et
1063 910 1255 985 presentem
1272 901 1378 966 uitam

164 984 389 1049 sincerissime
422 986 619 1069 [peragatis
666 987 785 1052 Amen.
1242 987 1310 1071 [sol.
1329 990 1379 1069 38.

213 1072 294 1136 Sitis
323 1073 425 1135 etiam
453 1094 473 1137 a
500 1081 594 1136 reatu
618 1075 844 1139 conscientiae
864 1074 1020 1140 liberati.
1037 1085 1075 1140 ut
1102 1075 1184 1139 nihil
1221 1076 1379 1140 metuatis

168 1159 202 1221 in
229 1159 283 1221 die
308 1159 419 1223 iudicii
447 1169 524 1243 post
551 1159 662 1226 futuri.
709 1161 826 1226 Amen.

212 1244 313 1326 Quod
337 1247 409 1330 ipse
435 1257 592 1328 prestare.

382 1458 585 1525 Domuum
610 1461 830 1528 Anunurus
856 1463 1016 1529 Cnmsrr
1042 1464 1173 1530 Iussu.
1192 1437 1205 1450 ’

242 1596 313 1660 Eus
344 1596 437 1660 cuius
469 1599 632 1680 unigeniti
664 1601 850 1664 aduentum
881 1613 915 1664 et
942 1604 1141 1684 preteritum
1173 1601 1308 1667 creditis
1347 1611 1381 1665 et

285 1683 434 1748 futurum
462 1687 677 1768 expectatis.
693 1688 844 1751 eiusdem
869 1690 1036 1753 aduentus
1058 1711 1120 1753 uos
1148 1689 1383 1753 inlustratione

170 1794 231 1837 sua
258 1770 469 1835 sanctificet
485 1784 520 1836 et
547 1794 608 1836 sua
633 1774 868 1838 benedictione
896 1777 1087 1856 locupletet
1132 1776 1250 1840 Amen.

221 1861 261 1923 In
277 1859 441 1940 presentis
457 1861 549 1924 uitae
572 1860 681 1924 stadio
706 1880 766 1924 uos
789 1863 833 1925 ab
857 1864 949 1926 omni
972 1864 1176 1928 aduersitate
1199 1862 1383 1927 defendat.

171 1957 267 2010 etse
294 1947 391 2009 uobis
416 1947 449 2009 in
476 1945 659 2011 iudiciuml
686 1947 886 2030 placabilem
912 1951 1078 2015 ostendat.
1123 1951 1242 2014 Amen.

218 2033 295 2115 Quo
320 2033 487 2097 acunctis
503 2045 718 2116 peccatorum
742 2038 906 2119 contagiis
929 2036 1059 2101 liberati
1080 2089 1087 2102 .
1105 2038 1193 2101 illius
1216 2037 1384 2102 tremendi

170 2121 340 2186 examinis
366 2121 455 2183 diem
481 2122 671 2204 expectetis
698 2123 850 2188 interriti.
896 2124 1017 2188 Amen.

218 2207 320 2289 Quod
348 2207 420 2290 ipse
445 2218 595 2290 prestare
621 2209 801 2291 dignetur.
819 2211 921 2275 cuius.

431 2442 631 2509 Dommcn
655 2459 694 2510 11.
716 2443 934 2510 Aounnrus
958 2444 1125 2510 Cnmsrr.

176 2581 441 2714 OMnipotens
480 2582 563 2645 deus
600 2581 693 2645 cuius
721 2581 888 2645 aduentus
921 2580 1171 2646 incarnatione²
1204 2584 1384 2667 preteritus

288 2668 458 2733 creditur.
475 2678 509 2732 et
540 2670 653 2732 iudicii
686 2680 846 2733 uenturus
874 2673 1117 2754 [expectatur
1134 2690 1196 2733 uos
1222 2666 1294 2756 [sol.
1312 2674 1384 2751 38v.

173 2768 357 2856 antequam
382 2756 497 2819 ueniat
523 2757 639 2839 expiet
664 2756 708 2820 ab
734 2758 826 2820 omni
851 2757 1053 2838 contagione
1077 2756 1199 2822 delicti.
1244 2759 1362 2823 Amen

220 2844 340 2907 Prius
331 2864 365 2905 m
382 2843 477 2906 uobis
494 2844 600 2907 diluat
619 2863 720 2906 omne
742 2843 867 2925 quod
859 2863 892 2906 rn
917 2845 973 2906 illa
998 2844 1108 2907 lutura
1131 2846 1385 2909 examinatione

175 2932 352 3014 puniturus
379 2942 430 2995 est
447 2980 453 2994 .
470 2940 508 2994 ut
534 2950 610 2993 curn
642 2932 748 2994 iustus
774 2932 950 2995 aduenerit
987 2931 1091 2993 iudex
1108 2980 1115 2994 .
1132 2951 1200 2995 non
1226 2933 1259 2995 in
1289 2932 1386 2996 uobis

176 3018 327 3082 inueniat
346 3020 439 3100 quod
462 3018 697 3100 condempnet.
743 3017 861 3082 Amen.

221 3104 299 3188 Quo
341 3106 496 3168 ueniente
551 3124 618 3167 non
659 3106 835 3168 incurratis
874 3104 1077 3187 supplicium
1108 3106 1385 3172 aetemum.sed

177 3193 434 3256 remuneremini
460 3192 557 3255 donis
582 3192 803 3274 sempiternis.
848 3193 967 3255 Amen.

222 3279 321 3359 Quod
350 3281 422 3362 ipse
449 3293 599 3362 prestare
626 3279 792 3361 dignetur.

405 3501 604 3565 DOM1N1cn
628 3514 665 3564 11.
691 3514 795 3564 nuru
820 3513 973 3564 namna
998 3501 1159 3564 Dounu.

181 3636 461 3765 OMnipotens
469 3636 550 3700 deus
574 3658 635 3700 uos
659 3637 793 3720 placido
816 3635 913 3700 uultu
933 3635 1112 3717 respiciat.
1130 3645 1164 3698 et
1187 3634 1221 3697 in
1245 3654 1307 3697 uos
1330 3654 1389 3712 sue

295 3723 538 3787 benedictionis
557 3723 715 3786 donum
707 3743 740 3787 m
744 3724 871 3787 s.undat
915 3724 1039 3787 Amen

225 3811 269 3874 Et
300 3811 356 3893 qui
379 3810 441 3873 hos
472 3811 543 3873 dies
573 3811 802 3874 incarnatione
840 3810 1004 3893 unigeniti
1031 3809 1083 3872 sui
1114 3807 1194 3871 fecit
1221 3828 1294 3871 esse
1322 3807 1388 3871 sol·

178 3896 329 3981 lempnes
346 3918 390 3961 .a
416 3898 544 3961 cunctis
578 3899 741 3979 presentis
774 3907 809 3960 et
836 3897 968 3961 futurae
1002 3897 1092 3960 uitae
1123 3895 1385 3959 aduersitatibus

178 4004 242 4046 uos
266 3986 386 4048 reddat
417 3986 626 4066 indempnes.
672 3986 790 4049 Amen.

228 4071 273 4134 Et
303 4072 360 4153 qui
395 4074 438 4135 de
470 4073 618 4135 aduentu
653 4072 874 4173 redemptoris
905 4070 1010 4134 nostri
1041 4069 1225 4134 secundum
1256 4089 1389 4131 carnem

175 4160 303 4222 deuota
344 4168 456 4221 mente
495 4158 691 4221 letamini'
682 4180 715 4223 1n
747 4160 895 4223 secundo
929 4178 1007 4222 cum
1046 4159 1079 4219 in
1117 4157 1295 4220 maiestate
1327 4177 1387 4219 sua

182 4247 333 4309 uenerit.
347 4246 507 4347 spremiis
534 4257 691 4309 aeternae
717 4248 807 4311 uitae
834 4245 997 4310 ditemini.
1043 4244 1162 4352 Amen
1254 4242 1322 4325 [f.ol
1341 4259 1390 4327 39.

227 4332 354 4415 Quod
345 4353 417 4415 rpse
444 4342 593 4415 prestare
621 4334 787 4416 dignetur.

345 4479 353 4508 ¹
371 4482 415 4544 leg.
431 4478 531 4532 iudicio.
872 4480 883 4509 ²
901 4479 1012 4546 Perhaps
1023 4480 1062 4529 ior
1073 4447 1260 4530 incarnationis.
