3375 5250
442 431 444 440 .
505 362 823 412 BENEDICTIONES
842 363 1102 415 EPISCOPALES.
1383 378 1413 427 19

198 519 389 599 amputauit
420 521 622 587 dubietatis.
639 524 803 586 concedat
834 532 872 586 ut
899 522 1084 606 perfidem
1110 544 1178 606 qua
1204 544 1281 589 eum
1307 546 1413 589 resur-

200 605 329 667 rexisse
348 609 485 672 creditis
508 611 659 673 omnium
686 610 885 674 delictorum
914 613 1055 674 maculis
1079 614 1230 677 careatis.
1276 612 1395 676 Amen.

248 690 294 754 Et
330 694 387 774 qui
425 715 502 758 eum
536 717 611 759 cum
642 698 760 761 thoma
799 698 899 761 deum
931 707 965 762 et
996 699 1171 762 dominum
1201 699 1411 764 creditis.et

201 779 333 842 cernuis
365 783 503 845 uocibus
536 784 784 848 inuocatis.ab
815 804 857 847 eo
883 796 918 848 et
950 785 984 849 in
1016 785 1079 848 hoc
1106 786 1241 850 saeculo
1265 807 1286 849 a
1313 787 1410 850 malis

197 865 354 929 omnibus
379 871 463 932 tueri
480 880 532 934 .et
554 871 588 934 in
619 870 731 935 futuro
757 881 949 935 sanctorum
980 872 1132 937 coetibus
1158 874 1235 958 lad·
1254 871 1410 956 [iol.25v.

199 960 290 1015 stare
305 953 455 1020 ualeatis.
501 958 617 1022 Amen.

244 1037 345 1120 Quod
365 1042 437 1126 ipse
460 1056 609 1126 prestare
632 1045 800 1128 dignetur.

418 1310 617 1377 Domurcn
641 1325 663 1376 1.
688 1323 779 1375 Post
803 1310 978 1376 Oeensis
1005 1312 1191 1375 pascens.

206 1460 426 1586 BEnedicat
442 1483 502 1526 uos
518 1463 732 1546 omnipotens
751 1463 922 1546 deus.qui
943 1482 1003 1526 uos
1024 1464 1173 1546 gratuita
1195 1463 1409 1527 miseratione

305 1549 506 1614 creauit.et
535 1551 568 1612 in
611 1550 851 1613 resurrectione
892 1551 1057 1633 unigeniti
1088 1551 1140 1612 sui
1177 1570 1271 1632 spem
1312 1551 1410 1613 uobis

197 1637 391 1719 resurgendi
408 1639 580 1700 concessit.
625 1639 741 1701 Amen.

243 1723 433 1805 Resuscitet
457 1745 519 1787 uos
545 1725 586 1787 de
612 1726 769 1789 uitiorum
795 1724 979 1807 sepulchris
1006 1726 1063 1806 qui
1088 1744 1167 1788 eum
1199 1722 1410 1789 resuscitauit

197 1810 383 1874 ammmm
429 1811 544 1875 Amm.

245 1895 293 1962 Vt
319 1917 396 1960 cum
424 1918 464 1960 eo
490 1900 562 1961 sine
588 1897 653 1961 fine
680 1899 820 1962 feliciter
850 1901 972 1963 uiuatis
989 1949 995 1962 .
1013 1918 1113 1980 quem
1142 1899 1364 1962 resurrexisse
1388 1919 1409 1961 a

198 1984 339 2048 mortuis
356 1987 517 2048 ueraciter
532 1987 674 2050 creditis.
721 1987 839 2050 Amen.

244 2071 344 2155 Quod
368 2072 439 2154 ipse
469 2083 625 2154 prestare.

419 2336 620 2401 DomurcA
643 2350 680 2401 11.
705 2349 796 2401 rosc
820 2336 994 2401 Ocmms
1021 2336 1178 2422 Pascup.

205 2487 340 2614 DEus
370 2489 428 2569 qui
461 2507 520 2569 per
553 2487 827 2549 resurrectionem
867 2485 1028 2565 unigeniti
1056 2485 1106 2547 sui
1143 2483 1240 2548 uobis
1265 2484 1407 2548 contulit

314 2583 348 2639 et
373 2577 497 2638 bonum
519 2574 759 2655 redemptionis
786 2583 820 2637 et
844 2573 947 2636 decus
974 2570 1167 2654 adoptionis
1190 2590 1293 2636 suae.
1311 2573 1407 2635 uobis

198 2661 348 2726 conferat
364 2658 513 2744 premia1
529 2662 780 2724 benedictionis.
826 2660 945 2722 Amen.

241 2750 288 2813 Et
310 2770 377 2830 quo
400 2750 584 2812 redimente
607 2748 800 2831 percepistis
823 2748 950 2811 donum
968 2753 1147 2828 perpetuae
1163 2746 1326 2810 libertatis
1342 2794 1350 2810 .
1366 2767 1407 2810 eo

196 2836 358 2919 largiente
375 2834 573 2921 [consortes
607 2835 795 2899 efficiamini
830 2843 985 2898 aeternae
1023 2834 1225 2899 hereditatis.
1259 2830 1330 2919 [fol.
1356 2833 1406 2899 26.

198 2924 315 2987 Amen.

242 3010 288 3075 Et
310 3011 363 3073 cui
386 3009 642 3074 consurrexistis
665 3010 697 3071 in
723 3010 926 3091 baptismate
942 3008 1109 3084 credendo
1125 3056 1133 3071 .
1147 3007 1283 3090 adiungi
1301 3028 1405 3071 mere-

195 3098 298 3160 amini
322 3100 355 3160 in
379 3100 513 3161 caelesti
537 3098 672 3179 regione
695 3098 780 3160 bene
802 3096 958 3159 uiuendo.
1004 3095 1121 3158 Amen.

242 3184 342 3267 Quod
366 3185 438 3267 ipse
462 3196 610 3267 prestare
633 3185 796 3265 dignetur.

412 3452 614 3515 Doutmcn
637 3462 690 3512 111.
715 3461 806 3511 rosc
830 3448 1003 3511 Occasus
1028 3445 1184 3529 Pascflp.

198 3602 395 3731 COncede
422 3602 608 3666 misericors
638 3602 744 3665 deus.
761 3600 838 3663 huic
863 3598 953 3699 plebi
979 3595 1165 3699 salutiferi²
1189 3598 1313 3679 pasche
1337 3596 1402 3659 sol-

300 3691 447 3773 lempnia
472 3690 653 3753 celebranti
670 3738 676 3751 .
694 3708 810 3751 omnes
827 3706 941 3749 ouium
958 3685 1080 3748 uellere
1095 3706 1129 3747 m
1144 3693 1204 3748 tua
1229 3684 1403 3747 uoluntate

195 3776 339 3858 plantari
357 3828 363 3841 .
381 3788 415 3841 et
440 3798 575 3859 sperare
599 3777 690 3858 quod
717 3775 777 3838 tibi
805 3774 984 3857 placuerit.
1001 3783 1036 3837 et
1063 3774 1241 3853 impetrare
1268 3770 1404 3835 sibimet

195 3870 286 3945 quod
303 3874 443 3945 oportet.
488 3865 605 3927 Amen.

134 3974 137 3983 ·
241 3951 291 4013 Te
315 3953 419 4015 oculis
443 3952 619 4015 intendat.
636 3970 719 4013 uoce
742 3948 920 4012 concinat.
937 3957 971 4011 et
996 3946 1084 4009 uotis
1111 3946 1257 4027 requirat
1274 3996 1280 4009 .
1297 3948 1400 4012 euitet

196 4038 286 4119 quod
314 4036 479 4103 ueterisfl.
497 4039 599 4120 eligat
625 4038 716 4119 quod
747 4036 880 4099 iusseris
898 4084 905 4097 .
921 4034 1144 4116 amplectatur
1173 4035 1262 4116 quod
1293 4035 1400 4097 dicis.

195 4126 333 4207 impleat
356 4146 424 4208 quo
445 4125 595 4208 placaris
640 4124 757 4187 Amen.

391 4310 400 4339 ²
417 4310 473 4358 The
485 4308 543 4358 MS.
558 4307 603 4356 has
609 4306 751 4371 premimia,
765 4303 810 4353 but
823 4303 866 4353 the
878 4302 931 4352 first
944 4301 1011 4351 miis
1022 4300 1166 4366 expunged.

390 4375 400 4403 ²
417 4376 461 4438 leg.
474 4372 611 4423 salutifera.

376 4440 402 4470 '³
419 4442 462 4504 leg.
477 4438 594 4489 uetueris.
