3375 5250
583 409 638 457 DE
661 409 771 457 MISSA
795 408 1021 457 EPISCOPALI.
1374 409 1408 469 63

199 590 232 631 se
262 572 302 630 ad
333 570 442 648 pedem
471 570 534 629 eius
559 568 722 630 adhibente
749 588 871 628 manum
895 567 1062 659 episcopo.
1078 569 1230 628 osculetur
1260 588 1349 631 eam.
1366 572 1409 629 Et

198 652 335 730 protinus
357 652 397 712 ad
417 652 509 710 altare
530 650 746 728 progrediens.
764 661 862 710 sumat
882 647 1071 725 euangelium
1086 650 1233 710 continuo
1253 651 1405 713 lecturus.

199 734 379 794 candelabra
406 743 507 791 autem
541 733 693 792 ferentes
707 730 783 790 infra
815 730 965 809 pulpitum
1001 740 1106 790 contra
1139 729 1300 791 diaconum
1328 744 1407 793 stare

200 815 335 875 debent.
352 814 412 874 Sed
426 814 475 873 ille
489 832 543 891 qur
533 812 716 873 turibulum
737 822 843 873 tenet
858 812 938 871 iuxta
952 831 1021 872 eum
1038 823 1097 872 stet
1116 811 1146 870 in
1167 810 1285 873 sinistra
1299 825 1406 905 parte.

201 914 357 973 usquequo
385 894 575 986 euangelium
602 895 777 986 perlegatur.
834 895 879 953 Ut
902 905 1003 953 autem
1031 891 1176 953 diaconus
1203 893 1337 971 legere
1329 914 1411 956 mce-

203 977 299 1054 perit.
316 977 378 1036 duo
399 974 518 1035 accoliti
539 975 695 1067 inuoluti
688 994 719 1034 ιιι
741 975 870 1035 sacrario
890 994 909 1033 a
929 974 1055 1035 custode
1076 974 1202 1051 ecclesie
1231 994 1315 1036 sacra
1335 996 1409 1037 uasa

203 1056 356 1134 accepturi
379 1068 470 1117 sunt.
487 1069 517 1117 et
546 1076 582 1117 ea
604 1056 634 1116 in
656 1057 780 1116 chorum
806 1054 950 1133 portaturi
966 1101 973 1116 .
989 1066 1020 1115 et
1040 1056 1115 1116 alter
1135 1074 1205 1114 cum
1226 1058 1320 1117 calice
1345 1078 1410 1119 cor-

204 1139 299 1217 porali
324 1149 469 1215 cooperto
485 1185 492 1199 .
508 1149 539 1198 et
558 1137 631 1199 uino
656 1157 725 1197 cum
750 1156 829 1214 aqua
853 1136 945 1197 mixta
972 1136 1073 1196 infuso
1095 1136 1126 1195 in
1150 1137 1271 1197 dextera
1299 1150 1406 1217 parte.

204 1222 339 1298 alterque
359 1240 427 1279 cum
449 1230 559 1295 patena
576 1220 607 1278 in
626 1218 742 1279 sinistra
763 1230 847 1295 parte
866 1218 940 1278 erit.
952 1220 1059 1295 Itaque
1077 1219 1211 1297 perlecto
1230 1220 1410 1298 euangelio.

196 1300 333 1379 accipiat
360 1299 562 1361 subdiaconus
590 1300 757 1378 puluinar.
781 1313 811 1361 et
836 1298 1027 1376 euangelium
1058 1319 1076 1358 a
1102 1299 1257 1360 diacono.
1279 1320 1409 1379 eumque

202 1384 368 1461 precedat.
385 1383 496 1443 Coram
524 1402 586 1459 quo
603 1428 609 1441 .
625 1383 716 1442 etiam
745 1400 822 1441 unus
843 1400 914 1440 cum
939 1381 1070 1441 turibulo
1091 1389 1121 1440 et
1144 1380 1194 1440 vii.
1216 1382 1318 1442 acoliti
1339 1403 1408 1443 curn

203 1464 390 1524 candelabris
423 1482 519 1540 usque
550 1462 608 1523 ad1
640 1465 731 1523 altare
760 1463 968 1523 antecedant.
995 1463 1066 1538 Quo
1103 1481 1171 1521 cum
1214 1466 1407 1539 peruenerint

205 1545 366 1622 episcopus
397 1556 523 1622 accepto
556 1546 650 1605 odore
679 1543 794 1604 incensi
810 1591 817 1604 .
833 1557 864 1604 et
891 1545 1047 1618 euangelio
1076 1541 1248 1603 deosculato
1277 1545 1316 1604 ad
1343 1564 1412 1622 pre-

205 1628 387 1687 dicationem
412 1645 466 1703 per
493 1646 598 1685 manus
626 1624 779 1703 presbiteri
807 1636 837 1685 et
865 1623 1066 1683 archidiaconi
1101 1624 1310 1702 perducendus
1341 1638 1407 1686 est.

209 1710 248 1767 Et
285 1706 403 1767 interim
438 1707 511 1766 dum
546 1726 714 1767 sermonem
749 1707 820 1766 facit
854 1707 895 1765 ad
930 1708 1100 1783 populum.
1127 1706 1328 1767 subdiaconus
1359 1709 1415 1767 cir-

196 1788 378 1848 cumeundo
416 1788 553 1848 fratribus
587 1786 776 1865 euangelium
814 1797 954 1864 apportet
976 1829 984 1844 .
1006 1787 1044 1845 ab
1082 1786 1222 1847 omnibus
1251 1789 1411 1849 ordinatim

207 1868 467 1931 deosculandum.
483 1870 535 1929 Sin
569 1880 670 1929 autem
705 1868 864 1946 episcopus
899 1866 1053 1945 predicare
1087 1869 1215 1927 noluerit
1231 1915 1239 1930 .
1253 1870 1313 1929 alta
1337 1890 1416 1931 uoce

207 1950 332 2029 incipiat
352 1970 460 2010 canere
477 1996 485 2011 .
502 1951 602 2011 Credo
616 1950 647 2009 in
667 1969 759 2009 unum
779 1950 871 2009 deum
887 1994 894 2008 .
910 1959 940 2009 et
954 1948 996 2008 ita
1010 1947 1108 2008 omnis
1122 1950 1229 2009 chorus
1243 1948 1409 2028 incipiens.

211 2033 330 2092 Patrem
366 2030 626 2109 omnipotentem.
643 2032 681 2091 ad
712 2032 805 2091 finem
839 2049 934 2108 usque
969 2030 1113 2107 perducat
1129 2076 1135 2090 .
1151 2030 1306 2092 Diaconos
1340 2052 1416 2093 uero

208 2112 309 2173 statim
338 2125 372 2174 ut
400 2133 417 2173 a
446 2112 562 2190 pulpito
592 2113 717 2190 gradum
751 2113 791 2172 ad
825 2112 918 2171 altare
952 2111 1148 2172 ascenderit.
1171 2110 1323 2189 accipiens
1352 2133 1414 2174 cor-

209 2196 311 2272 potale
330 2196 369 2254 ab
390 2193 522 2255 acolito.
538 2195 598 2255 alio
622 2213 654 2253 se
676 2192 839 2253 adiuuante
863 2192 993 2252 diacono
1015 2211 1104 2269 super
1126 2193 1218 2252 altare
1238 2193 1412 2256 distendat.

211 2275 304 2351 Quod
324 2276 427 2353 utique
450 2274 577 2335 linteum
598 2294 635 2335 ex
659 2294 735 2352 puro
759 2274 822 2335 lino
846 2283 1020 2334 contextum
1045 2292 1110 2333 esse
1133 2275 1245 2334 debet.
1213 2276 1334 2351 tquia
1358 2278 1416 2336 sin-

211 2357 292 2417 done
312 2359 426 2417 munda
447 2376 557 2434 corpus
579 2356 694 2417 domini
715 2356 823 2432 legitur
842 2352 1040 2415 inuolutum
1032 2373 1063 2414 m
1085 2354 1267 2447 sepulchro.
1282 2368 1312 2416 et
1333 2367 1418 2435 tante

212 2440 384 2515 quartatis²
412 2456 478 2498 esse
505 2438 596 2497 debet
624 2449 656 2497 ut
684 2447 778 2497 totam
806 2436 906 2497 altaris
941 2434 1128 2512 superficiem
1162 2436 1291 2513 capiat
1313 2439 1417 2498 Archi-

212 2518 414 2579 subdiaconus
436 2519 549 2597 quippe
573 2529 605 2578 ut
634 2519 821 2612 euangelium
842 2519 881 2578 ab
904 2518 1045 2577 omnibus
1066 2516 1182 2576 clericis
1209 2518 1415 2579 deosculatum

211 2619 300 2680 super
322 2603 414 2662 altare
438 2600 631 2679 deposuerit.
649 2599 799 2678 accipiens
823 2600 949 2660 calicem
972 2598 1010 2658 ab
1034 2597 1167 2659 acolito³
1181 2645 1189 2661 .
1203 2600 1421 2662 archidiacono

212 2694 351 2761 apportet
371 2683 502 2744 uinum.
526 2702 579 2760 per
607 2683 705 2741 colam
733 2701 824 2758 quam
849 2681 880 2740 in
908 2680 1026 2740 sinistra
1054 2700 1145 2740 manu
1172 2700 1313 2742 romanus
1341 2685 1416 2744 ordo

213 2763 514 2825 archisubdiaconum
548 2763 704 2824 auriculari
737 2762 831 2840 digito
867 2763 941 2822 ferre
972 2762 1054 2821 iubet
1088 2763 1304 2838 purgandum
1326 2765 1417 2840 Quod

213 2847 315 2922 utique
343 2865 396 2905 uas
423 2845 454 2904 in
482 2845 515 2905 id
543 2863 619 2923 opus
648 2863 684 2905 ex
711 2843 812 2920 aliquo
837 2844 959 2904 metallo
988 2845 1170 2903 formatum.
1189 2843 1221 2901 in
1241 2845 1343 2905 medio
1372 2847 1418 2905 sui

213 2927 339 3004 plurima
373 2927 458 3004 quasi
492 2945 563 2986 acus
591 2925 735 2986 foramina
765 2925 804 2984 ad
838 2924 1038 2984 excolandum
1068 2922 1172 2983 uinum
1203 2925 1366 2987 ostendit.
1388 2938 1418 2986 et

213 3008 286 3067 illud
314 3005 599 3068 archisubdiaconus
627 3027 680 3084 per
707 3018 803 3066 totum
839 3007 927 3082 misse
955 3005 1125 3065 officium'
1117 3024 1149 3063 ιιι
1180 3005 1298 3065 sinistra
1326 3027 1417 3066 manu

215 3089 266 3150 illo
288 3108 349 3166 quo
371 3088 554 3167 prediximus
576 3088 670 3165 digito
697 3089 788 3147 anulo
811 3106 987 3164 suspensum
1016 3098 1185 3163 portaturus
1213 3099 1279 3148 est.
1297 3089 1415 3164 Quibus

215 3171 258 3230 ita
281 3171 408 3247 peractis
425 3217 432 3232 .
448 3183 478 3230 et
505 3171 632 3230 simbolo
660 3169 746 3228 finito
767 3168 848 3228 dicat
869 3167 1024 3245 pontifex.
1041 3167 1081 3226 ad
1101 3169 1245 3245 populum
1266 3171 1417 3229 unacum

216 3253 268 3312 illo
290 3250 425 3312 diaconis
446 3264 479 3311 ut
499 3251 605 3328 prelati
627 3270 729 3310 sumus
744 3248 897 3309 conuersis
912 3292 919 3308 .
935 3248 1085 3309 Dominus
1106 3249 1284 3308 uobiscum.
1302 3262 1332 3311 et
1352 3270 1422 3312 ore-

218 3353 306 3394 mus.
324 3336 364 3393 Et
386 3345 459 3393 tunc
483 3332 535 3392 illo
563 3332 706 3392 innuente
735 3330 918 3391 offertorium
943 3341 1079 3390 cantetur
1100 3350 1118 3389 a
1142 3331 1256 3390 choro.
1273 3341 1303 3390 et
1327 3331 1377 3392 llle
1399 3352 1418 3391 a

200 3413 382 3492 'presbitero
397 3425 427 3474 et
444 3413 658 3473 archidiacono
673 3414 713 3472 ad
733 3413 834 3472 locum
855 3411 907 3471 ubi
929 3410 1116 3472 oblationes4
1136 3430 1155 3469 a
1175 3411 1314 3472 fidelibus
1335 3415 1417 3473 laicis

218 3494 281 3556 siue
302 3495 371 3555 uiris
394 3496 458 3556 siue
478 3495 596 3555 leminis
618 3495 781 3554 offeruntur
805 3494 927 3554 easdem
955 3503 1132 3569 accepturus
1153 3494 1301 3555 ducatur.
1317 3514 1418 3570 prece·

217 3576 358 3636 dentibus
373 3596 473 3638 coram
488 3595 525 3636 eo
540 3575 725 3635 subdiacono
744 3593 813 3634 cum
830 3574 942 3635 calice.
955 3585 984 3634 et
999 3573 1109 3634 acolito
1123 3593 1193 3633 cum
1213 3574 1334 3652 patina.
1348 3577 1422 3651 Quo

219 3678 289 3717 cum
313 3659 505 3736 peruenerit
521 3656 666 3717 diaconus
691 3675 709 3714 a
732 3656 918 3715 subdiacono
940 3655 1065 3715 calicem
1088 3655 1259 3732 accipiens.
1277 3657 1417 3717 omnibus

219 3740 271 3816 qui
299 3739 468 3800 oblationes
501 3739 673 3815 optulerunt
703 3735 816 3797 eisdem
851 3737 890 3796 ab
920 3755 958 3796 eo
992 3735 1146 3812 acceptis.
1163 3747 1193 3796 et
1221 3738 1252 3796 in
1284 3739 1417 3814 patinam

220 3820 394 3898 impositiS.
423 3840 545 3879 manum
575 3838 660 3878 suam
690 3837 759 3878 cum
790 3818 885 3878 calice
912 3819 953 3877 ad
981 3816 1178 3877 osculandum
1209 3819 1363 3894 prebeat.
1389 3835 1418 3878 et

220 3902 303 3961 illurn
325 3901 431 3962 iterum
453 3901 639 3961 subdiacono
661 3900 713 3960 det
729 3900 769 3959 ad
793 3900 1000 3976 portandum
1019 3898 1074 3958 Ille
1095 3909 1196 3958 autem
1217 3919 1285 3958 cum
1308 3902 1419 3977 presbi-

221 3995 285 4044 tero
313 3983 489 4060 episcopum
519 3982 558 4041 ad
587 3983 679 4041 altare
703 3981 849 4040 reducat.
865 3978 998 4039 similiter
1026 3991 1058 4039 ut
1089 3990 1159 4039 ante
1188 3981 1419 4057 precedentibus

221 4064 292 4144 ipsis
320 4084 387 4124 curn
419 4065 512 4124 calice
541 4073 572 4123 et
600 4062 729 4140 patina.
748 4061 810 4122 Ubi
842 4081 912 4120 cum
937 4072 1059 4137 uentum
1090 4060 1177 4120 suerit
1201 4073 1232 4120 et
1260 4063 1419 4140 episcopus

221 4147 324 4207 sedem
346 4145 486 4222 petierit.
502 4144 684 4204 antecedant
712 4145 772 4204 duo
801 4141 922 4202 accoliti
950 4161 1019 4202 cum
1047 4141 1256 4218 manutergio.
1272 4154 1302 4202 et
1329 4163 1425 4220 genu-

220 4229 298 4288 flexo
320 4238 390 4287 ante
419 4245 510 4287 eum
526 4236 622 4286 totum
651 4224 693 4283 illi
723 4227 820 4284 sinum
845 4225 885 4284 de
913 4225 1020 4283 eodem
1045 4221 1242 4300 cooperiant.
1257 4244 1296 4284 ne
1317 4226 1426 4285 lauans.

319 4399 326 4428 ¹
345 4398 394 4448 ad'
387 4414 409 4448 rs
420 4396 560 4448 interlined.
950 4393 960 4422 ¹
976 4395 1020 4456 leg.
1039 4393 1195 4457 quantitatis.

315 4464 326 4494 ⁸
343 4465 428 4514 ardiae
438 4463 538 4513 written
549 4463 615 4522 bere,
630 4462 675 4512 but
687 4462 829 4526 expunged.
952 4459 961 4486 ⁴
979 4459 1036 4510 MS.
1048 4457 1183 4522 originally
1193 4460 1321 4509 orationes.
