3375 5250
474 400 793 452 BENEDICTIONES
811 398 1071 450 EPJSCOPALES.
1353 412 1383 464 13

168 560 328 627 dictionis
360 569 440 624 tuae
470 560 562 623 dono
596 557 989 642 repleantur.quatinus
1019 566 1054 621 et
1084 557 1117 619 in
1153 556 1217 620 hoc
1251 558 1386 622 saeculo

168 648 278 714 hostis
301 649 430 731 antiqui
452 655 700 730 temptamenta
727 664 902 728 superare.
916 653 950 708 et
974 644 1007 707 in
1032 643 1144 708 futuro
1166 663 1243 708 cum
1268 645 1384 726 palma

168 735 351 801 uictoriae.
368 745 403 801 et
434 733 541 798 fructu
572 733 739 797 bonorum
770 752 911 815 operum
936 731 998 796 tibi
1031 730 1167 795 ualeant
1193 752 1381 815 apparere.

170 843 232 906 per
254 823 428 888 dominum
452 830 614 886 nostrum.

443 1102 698 1188 [Bausorcrro
722 1113 803 1165 reso
826 1114 893 1165 ons
916 1114 968 1164 ro
993 1099 1152 1164 Mrssau.
1237 1097 1308 1185 [sol.
1336 1117 1384 1181 17.

237 1268 403 1332 Enedicat
424 1288 485 1332 uos
504 1266 719 1349 omnipotens
741 1267 849 1329 deus.
867 1264 921 1328 cui
941 1263 1139 1327 ieiuniorum
1160 1266 1386 1330 maceratione

278 1366 312 1421 et
357 1355 562 1439 presentium
607 1354 735 1417 dierum
783 1352 1019 1416 obseruatione
1059 1351 1192 1434 placere
1233 1354 1386 1420 studetis.

175 1443 293 1508 Amen.

219 1529 459 1612 Concedatque
489 1528 586 1593 uobis
617 1536 654 1592 ut
677 1528 763 1591 sicut
785 1525 816 1589 ei
847 1546 923 1590 cum
950 1526 1052 1589 ramis
1083 1526 1269 1609 palmarum
1295 1538 1385 1591 cete-

175 1636 330 1681 rarumue
361 1615 529 1680 frondium
561 1615 745 1698 presentari
776 1613 1041 1678 studuistis.ita
1071 1632 1147 1676 cum
1178 1614 1292 1697 palma
1319 1615 1387 1678 uic·

174 1705 280 1768 toriae
310 1713 344 1768 et
374 1705 482 1768 fructu
516 1704 681 1767 bonorum
714 1720 854 1784 operum
885 1700 916 1763 ei
950 1709 1028 1784 post
1061 1698 1191 1765 obitum
1224 1721 1386 1785 apparere

174 1791 327 1856 ualeatis.
372 1793 491 1855 Amen.

219 1878 354 1961 Quique
384 1876 547 1961 unigeniti
578 1876 636 1941 filii
667 1876 738 1940 eius
762 1874 953 1958 passionem
984 1895 1069 1957 puro
1099 1876 1201 1939 corde
1225 1875 1386 1939 creditis.

176 1975 289 2031 mente
313 1967 437 2030 deuota
453 1965 603 2029 uenerari
626 1961 791 2027 studetis.
809 1962 853 2025 ad
877 1962 1126 2026 resurrectionis
1149 1962 1220 2026 eius
1243 1961 1330 2025 festa
1353 1973 1390 2027 et

176 2062 306 2118 uestrae
329 2051 607 2118 remunerationis
632 2050 781 2134 praemia
806 2048 894 2112 illius
918 2047 993 2112 sulti
1018 2048 1202 2112 munimine
1233 2050 1389 2117 ueniatis.

174 2142 294 2204 Amen.

221 2227 321 2312 Quod
346 2227 419 2310 ipse
441 2236 588 2309 prestare
612 2225 773 2308 dignetur.

440 2531 538 2594 Isau
562 2529 663 2594 Amr
687 2543 737 2594 uu
762 2529 949 2595 Passrous
973 2530 1135 2594 Domur.

181 2695 448 2824 OMnipotens
478 2696 561 2759 deus
592 2694 649 2777 qui
681 2692 844 2795 unigeniti
875 2694 926 2757 sui
958 2693 1118 2795 passione
1145 2694 1263 2759 tribuit
1290 2695 1388 2761 uobis

292 2781 492 2846 humilitatis
515 2782 736 2865 exemplum.
754 2802 825 2863 lpse
850 2781 1016 2845 concedat
1039 2781 1136 2845 uobrs
1159 2801 1220 2863 per
1243 2784 1386 2848 eandem

179 2868 403 2933 humilitatem
438 2870 609 2953 percipere
654 2888 714 2947 sue
758 2868 1004 2937 benedictionis
1042 2868 1212 2933 ineffabile
1250 2871 1386 2936 donum.

178 2955 295 3020 Amen.

225 3043 356 3127 [Ipsius
380 3043 626 3108 resurrectionis
651 3042 841 3126 percipiatis
873 3042 1062 3107 consortia.
1079 3043 1172 3107 cuius
1218 3040 1289 3131 [sol.
1318 3060 1387 3126 17v.

180 3129 363 3213 patientiae
386 3130 592 3194 ueneramini
617 3130 825 3194 documenta.
871 3130 987 3193 Amen.

226 3215 304 3300 Quo
326 3216 369 3281 ab
393 3238 433 3281 eo
456 3220 679 3299 sempiternae
702 3218 792 3280 uitae
823 3237 945 3280 munus
975 3216 1189 3299 percipiatis.
1207 3238 1267 3301 per
1295 3219 1389 3283 cuius

180 3303 403 3386 temporalem
427 3314 569 3368 mortem
594 3314 764 3368 aeternam
789 3324 850 3367 uos
873 3305 1016 3368 euadere
1040 3304 1189 3369 ualeatis.
1234 3305 1352 3372 Amen.

227 3390 328 3474 Quod
352 3392 425 3475 ipse
447 3402 596 3475 prestare
618 3390 785 3474 dignetur.

228 3565 376 3628 Iucuur
414 3576 675 3631 cousucnurro
709 3575 910 3629 cursurus
946 3578 994 3628 ET
1028 3578 1116 3629 ocm
1156 3565 1226 3649 [1]u
1260 3580 1390 3631 casua

183 3665 326 3716 DOMINI
348 3666 399 3715 AD
421 3666 572 3717 MISSAM.
606 3653 793 3733 Antequam
809 3648 947 3715 dicatur.
980 3652 1158 3733 Perquem
1177 3653 1390 3717 haecomnia

183 3740 320 3803 domine
336 3789 343 3803 .
360 3740 516 3804 diaconus
543 3746 656 3803 sumat
680 3740 861 3823 ampullam
883 3759 957 3801 cum
982 3740 1047 3803 olm
1073 3738 1281 3823 infirmorum
1296 3789 1304 3805 .
1315 3752 1390 3823 por·

183 3834 287 3907 tetque
315 3828 363 3889 ad
377 3827 561 3911 pontificem
577 3874 585 3891 .
601 3836 639 3889 at
666 3826 722 3890 ille
743 3825 918 3908 paululum
948 3826 1113 3890 diuertens
1140 3848 1174 3890 se
1198 3826 1240 3890 ab
1264 3827 1388 3891 altare.

182 3920 276 3977 stans
305 3914 340 3978 in
368 3935 426 3985 suu
443 3914 556 3996 gradu
577 3915 685 3996 signet
702 3914 806 3977 oleum
829 3913 865 3977 in
888 3934 989 3977 manu
1010 3913 1160 3980 diaconi.
1174 3912 1260 3977 hanc
1279 3923 1398 3980 secrete

183 4001 360 4064 orationem
382 4001 496 4065 dicms.

229 4086 356 4152 Emitte
374 4090 511 4151 domine
526 4088 679 4172 spiritum
699 4097 852 4151 sanctum
868 4096 964 4151 tuum
986 4086 1195 4168 paraclytum
1212 4090 1255 4151 de
1270 4088 1391 4152 caelis.

185 4175 219 4236 in
249 4174 336 4237 hanc
368 4176 607 4259 pinguedinem
644 4176 709 4238 olei
739 4195 842 4257 quam
875 4175 918 4238 de
950 4174 1048 4238 uiridi
1080 4175 1173 4257 ligno
1207 4176 1394 4257 producere

185 4261 342 4342 dignatus
369 4282 404 4325 es
431 4264 474 4327 ad
505 4262 720 4327 resectionem
748 4263 895 4343 corporis
911 4309 919 4326 .
936 4272 973 4326 ut
1003 4270 1062 4325 tua
1088 4272 1206 4325 sancta
1235 4261 1392 4325 benedic-

186 4349 278 4413 tione
309 4351 353 4413 sit
384 4350 477 4413 omni
512 4351 653 4433 ungenti
685 4358 913 4414 tutamentum
945 4350 1069 4413 mentis
1099 4358 1133 4412 et
1160 4350 1392 4431 corporis.ad

185 4436 420 4518 eualcuandos
446 4457 563 4501 omnes
590 4438 722 4501 dolores
753 4456 937 4518 omnesque
963 4435 1194 4501 infirmitates.
1242 4432 1316 4522 [fot.
1344 4438 1392 4500 1&
