3375 5250
274 437 308 484 40
586 430 905 480 BENEDICTIONES
923 429 1181 479 EPISCOPALES.

324 593 370 657 Et
392 595 448 678 qui
471 615 548 658 eum
568 604 725 677 superato
746 595 880 657 diuerso
898 604 1143 658 tormentorum
1164 613 1288 677 genere
1306 593 1484 657 caelestem

280 677 421 760 gloriam
443 683 583 746 feliciter
603 682 697 746 dedit
715 684 876 746 scandere
898 703 975 744 cum
997 683 1210 763 triumpho(
1201 703 1281 763 rpse.
1295 683 1391 746 uobis
1411 699 1488 744 con·

282 765 381 830 cedat
412 769 527 851 uigore
557 768 635 833 fidei
668 769 825 833 uitiorum
857 769 981 851 pellere
1011 770 1194 850 contagia
1215 779 1349 833 etcum
1373 769 1488 832 electis

283 855 438 918 omnibus
461 855 655 940 superindui
678 857 950 919 inmarcescibilis
973 857 1099 938 gloriae
1122 876 1254 921 corona
1299 855 1414 920 Amen

329 939 463 1023 Quod
454 963 525 1026 rpse
549 953 697 1026 prestare
720 945 886 1025 dignetur.

328 1029 522 1094 Benedictio
545 1031 599 1094 dei
623 1031 735 1114 patris,

300 1296 537 1362 BENEDICTIO
553 1348 560 1362 .
578 1312 619 1361 IN
644 1311 710 1362 DIE
736 1311 1020 1448 ADsllllMPTIOIlIS
1047 1313 1270 1365 PERPETUAE
1294 1300 1477 1364 UIRGINIS

842 1399 968 1452 ARIAE.

286 1538 446 1709 [DEus
479 1540 536 1621 qui
567 1559 626 1622 per
656 1540 774 1603 beatae
810 1540 936 1603 mariae
968 1538 1107 1621 uirginis
1141 1549 1298 1621 partum.
1343 1537 1416 1626 [sol.
1443 1555 1459 1619 5
1466 1555 1492 1620 5.

419 1627 543 1709 [genus
592 1628 775 1690 humanum
822 1627 981 1708 dignatus
1017 1622 1077 1690 es²
1113 1627 1275 1690 redimere
1323 1623 1394 1712 [fol.
1421 1641 1491 1710 55v.

285 1730 346 1772 sua
370 1731 431 1775 uos
456 1713 612 1796 dignetur
635 1713 871 1778 benedictione
894 1713 1109 1794 locupletare.
1152 1713 1270 1778 Amen.

331 1797 481 1881 Eiusque
517 1820 649 1883 semper
684 1810 718 1864 et
750 1801 874 1883 ubique
909 1801 1095 1882 patrocinia
1129 1802 1284 1865 sentiatis
1300 1850 1307 1865 .
1323 1821 1368 1864 ex
1399 1803 1493 1865 cuius

285 1884 485 1949 intemerato
509 1897 605 1950 utero
624 1899 795 1952 auctorem
815 1889 885 1966 uite
901 1889 1087 1971 suscepisse
1108 1907 1168 1952 uos
1187 1887 1330 1952 fideliter
1349 1891 1492 1952 creditis.

286 1971 402 2036 Amen.

332 2058 378 2122 Et
408 2062 466 2142 qui
497 2064 539 2125 ad
564 2063 634 2125 eius
662 2061 898 2126 celebrandam
922 2061 1139 2125 sestiuitatem
1170 2061 1333 2126 hodierna
1355 2063 1411 2127 die
1437 2065 1494 2126 de-

289 2147 377 2208 uotis
410 2149 578 2212 mentibus
620 2149 824 2213 conuenistis
839 2197 847 2212 .
864 2149 1064 2229 spiritalium
1103 2150 1304 2230 gaudiorum
1342 2161 1377 2213 et
1411 2160 1496 2228 eter-

289 2252 407 2296 nomm
431 2238 634 2316 premiorum
658 2236 831 2300 uobiscum
856 2256 994 2299 munera
1017 2236 1202 2318 reportetis.
1247 2237 1365 2300 Amen.

334 2318 434 2401 Quod
459 2324 531 2404 ipse
553 2334 710 2406 prestare.
1314 2356 1317 2362 ¹

333 2407 529 2473 Benedictio
551 2411 606 2474 dei
629 2411 741 2492 patris.

314 2685 551 2751 BENEDICTIO
576 2700 617 2750 IN
643 2700 795 2752 NATALE
820 2686 964 2752 SANCTI
989 2684 1271 2748 BARTHOLOMEI
1291 2696 1482 2749 APOSTOLI.

301 2848 520 2973 BEnedicat
544 2871 604 2913 uos
627 2852 730 2914 decus
753 2848 1003 2950 apostolorum.
1014 2846 1235 2927 omniumque
1257 2866 1383 2911 corona
1404 2866 1499 2910 sanc·

400 2938 565 3020 torum]
547 2937 623 3020 lqui
647 2937 733 2999 hanc
756 2936 1020 2999 sacratissimam
1044 2932 1329 3015 sollempnitatem
1355 2931 1424 3021 [fol
1451 2935 1499 3015 56.

294 3021 478 3085 beatissimi
513 3023 734 3087 bartholomei
765 3020 935 3105 apostoli³
966 3023 1018 3085 sui
1055 3022 1182 3083 honore
1215 3022 1382 3085 sacrauit.
1399 3031 1501 3104 atque

296 3110 445 3190 martyrii
465 3111 647 3173 certamine
666 3110 810 3192 fideique
830 3110 1020 3173 constantia
1039 3107 1238 3172 inlustrauit.
1285 3108 1403 3172 Amen.

340 3194 480 3258 Tribuat
513 3196 609 3260 uobis
648 3199 833 3260 misericors
869 3196 1096 3260 inuiolabilem
1130 3196 1241 3257 cordis
1282 3196 1498 3279 corporisque

296 3283 548 3345 castimoniam.
566 3285 624 3365 qui
647 3284 808 3347 hodierna
826 3284 881 3347 die
903 3284 1164 3346 sacratissimum
1188 3282 1380 3363 apostolum
1403 3303 1500 3346 suum

296 3370 330 3429 in
362 3371 512 3451 martyrii
544 3389 652 3451 agone
682 3372 826 3452 gloriose
864 3369 1094 3433 beatificauit.
1116 3388 1155 3432 ac
1185 3370 1273 3433 inter
1302 3369 1393 3451 ipsos
1423 3368 1502 3433 fidei

297 3456 463 3537 principes
487 3457 646 3538 perhenni
670 3458 828 3522 felicitate
851 3458 1033 3522 coronauit.
1077 3456 1194 3520 Amen.

342 3542 524 3625 Faciatque
555 3564 616 3625 pro
643 3544 738 3607 uobis
768 3548 802 3608 in
834 3546 889 3609 die
918 3544 1084 3608 tremendi
1106 3542 1274 3607 examinis
1297 3542 1500 3607 aduocatum

297 3638 400 3710 atque
422 3628 621 3693 clementem
652 3632 930 3714 suffragatorem.
950 3652 1052 3714 quem
1079 3639 1132 3694 tot
1162 3628 1396 3693 miraculorum
1427 3651 1502 3713 pro-

298 3715 396 3796 digiis
418 3716 497 3779 iecit
520 3718 756 3783 uictoriosum.
770 3721 908 3802 eiusque
928 3716 1220 3781 intercessionibus
1237 3717 1342 3781 adiuti
1356 3766 1363 3781 .
1376 3716 1503 3799 fulgere

298 3803 492 3865 mereamini
514 3804 599 3867 sicut
622 3806 704 3868 sol'
695 3825 729 3868 m
752 3827 857 3890 regno
879 3806 1057 3871 caelorum.
1101 3804 1218 3867 Amen.

342 3889 477 3972 Quod
468 3911 541 3971 rpse
563 3903 712 3974 prestare
735 3894 914 3976 dignetur.
931 3894 1026 3955 cuius
1042 3910 1199 3993 regnum.

341 3977 539 4041 Benedictio
563 3980 616 4041 dei
642 3980 768 4062 patris.
785 3993 819 4045 et
843 3981 924 4046 lilii.
942 3990 976 4044 et
998 3980 1136 4063 spiritus
1158 3978 1290 4042 sancti.
1306 3987 1349 4042 et.

330 4143 411 4192 ¹The
427 4160 498 4193 verso
515 4144 545 4192 of
558 4144 602 4193 fol.
622 4154 655 4208 54
674 4146 695 4194 is
713 4146 836 4211 occupied
858 4148 892 4212 by
909 4163 942 4196 an
960 4145 1138 4195 illumination.
1174 4143 1231 4191 The
1251 4151 1303 4193 text
1321 4143 1351 4191 ol
1367 4142 1411 4193 fol.
1432 4153 1463 4207 55
1485 4144 1506 4192 is

296 4209 432 4258 enclosed
425 4225 495 4258 man
507 4212 662 4261 ornamental
675 4211 766 4261 border
779 4214 816 4274 (in
827 4213 870 4262 the
881 4214 945 4263 torm
956 4213 985 4261 ol
993 4228 1025 4261 an
1037 4211 1118 4269 arch),
1131 4209 1182 4258 and
1192 4208 1294 4257 written
1305 4208 1332 4257 in
1342 4208 1414 4273 gold.
1450 4208 1505 4257 The

296 4275 379 4323 whole
396 4274 425 4323 of
439 4275 481 4323 the
499 4275 600 4351 writing
616 4292 650 4323 on
669 4277 713 4326 sol.
736 4286 792 4342 55v.
811 4280 912 4343 (except
932 4277 975 4328 the
995 4277 1050 4327 title
1067 4276 1097 4326 ol
1111 4275 1155 4326 the
1171 4273 1337 4323 Benediction
1355 4274 1426 4325 ors.
1446 4274 1507 4323 Bar·

295 4340 452 4433 thplomew’s
465 4341 551 4405 Day)'
545 4357 566 4389 rs
577 4342 648 4390 also'
641 4358 668 4390 m
679 4342 749 4406 gold.

355 4406 400 4454 le
415 4415 460 4455 est.

328 4470 337 4498 ³
355 4420 435 4520 Tlle
421 4472 481 4531 ¹gold
493 4472 594 4535 writing
617 4472 637 4521 is
655 4472 792 4522 continued
810 4472 874 4522 from
892 4474 934 4523 the
951 4472 1099 4548 preceding
1105 4487 1171 4537 page
1188 4476 1215 4518 to
1232 4468 1282 4519 this
1294 4469 1383 4545 point,
1397 4470 1447 4518 and
1465 4469 1510 4519 the

295 4538 391 4586 Amens
403 4538 432 4585 ol
441 4538 490 4586 this
501 4538 670 4600 benediction,
685 4540 735 4587 and
747 4540 775 4588 ol
783 4541 825 4589 the
837 4549 889 4589 two
901 4539 983 4590 which
994 4538 1099 4589 follow
1093 4548 1122 4598 rt,
1135 4553 1177 4587 are
1188 4537 1243 4585 also
1255 4536 1355 4586 written
1367 4535 1393 4584 in
1405 4536 1473 4599 gold.
