3375 5250
313 403 359 439 110
644 389 940 439 RECONCILIATIO
962 390 1052 438 LOCI
1070 389 1188 437 SACRI.

313 549 409 613 nobis
455 548 716 613 misericordiam
753 559 848 614 tuam
886 549 1132 631 poscentibus.
1154 558 1192 613 ut
1234 549 1438 631 quicumque
1482 552 1525 613 ad

313 637 399 699 hanc
423 656 545 700 nomen
573 647 726 701 sanctum
760 647 857 699 tuum
888 645 922 700 et
946 637 1159 699 tremendum
1185 636 1525 719 adoramuS.super-

314 743 433 786 norum
459 744 540 786 uasa
566 744 666 787 aurea
693 724 918 805 angelorum.
938 725 1105 787 uirtutum
1131 723 1406 787 ornamentis.et
1432 743 1528 787 sanc-

313 820 424 873 tarum
447 831 583 892 precum
607 812 712 893 copiis
735 807 875 893 repleril
899 830 1110 874 mereamur.
1127 820 1162 873 et
1184 811 1228 874 ab
1252 818 1391 874 aeterno
1415 830 1525 875 remu-

314 908 466 961 neratore
506 898 646 961 domino
682 908 797 961 nostro
835 898 929 961 ihesu
968 898 1093 961 christo
1130 917 1244 960 coram
1283 897 1524 979 conspectibus

316 985 510 1047 caelestium
560 994 594 1048 et
646 984 853 1048 terrestrium
901 984 1094 1048 uniuersum
1144 986 1308 1049 mundum
1354 984 1526 1049 iudicante

313 1073 437 1152 gaudia
463 1081 498 1136 te
525 1073 704 1135 miserante
729 1092 978 1155 consequamur
1003 1082 1161 1135 aeterna.
1178 1092 1239 1154 per
1265 1072 1452 1136 dominum.

643 1413 789 1479 Iucrmr
812 1428 1022 1480 namcumo
1045 1430 1193 1481 rourrs.

314 1566 577 1697 OMnipoteps
614 1565 862 1648 sempiternae†
845 1566 999 1644 †.deus
1015 1567 1080 1629 hoc
1114 1566 1350 1649 baptisterium
1386 1564 1524 1629 caelesti

425 1654 616 1717 uisitatione
654 1654 846 1717 dedicatum
885 1654 1022 1735 spiritus
1052 1654 1101 1716 tui
1135 1654 1370 1718 inlustratione
1400 1654 1524 1716 sancti-

312 1740 399 1805 fica.
421 1751 459 1805 ut
485 1760 713 1823 quoscumque
744 1740 818 1802 lons
850 1740 913 1803 iste
944 1741 1115 1804 lauaturus
1146 1751 1199 1805 est
1228 1743 1316 1805 trina
1346 1740 1520 1805 ablutione

312 1830 443 1911 purgati
473 1828 716 1910 indulgentiam
744 1828 895 1892 omnium
926 1828 1125 1892 delictorum
1153 1838 1212 1892 tuo
1237 1848 1375 1892 munere
1402 1848 1517 1890 conse-

311 1926 477 1999 quantur.
493 1935 553 1999 per
576 1916 760 1979 dominum.

870 2097 961 2161 Alia.

320 2237 566 2365 MUltiplica
603 2237 739 2299 domine
777 2236 1046 2301 benedictionem
1085 2247 1178 2302 tuam
1201 2247 1263 2303 ‚et
1300 2240 1438 2321 spiritus
1473 2239 1523 2302 tui

445 2345 581 2388 munere
600 2323 701 2387 fidem
721 2334 871 2387 nostram
893 2326 1094 2389 corrobora.
1108 2335 1145 2389 ut
1164 2346 1221 2408 qur
1246 2347 1280 2389 rn
1301 2328 1385 2389 haec
1401 2326 1528 2389 fluenta

312 2409 559 2560 geslcenderint
575 2461 582 2477 .
599 2412 633 2474 in
651 2411 735 2474 libro
751 2411 842 2475 uitae
858 2413 1002 2496 adscribi
1024 2422 1237 2477 mereantur.
1254 2433 1314 2494 per
1330 2409 1402 2498 [fol.
1425 2428 1519 2493 129v.

335 2519 495 2563 ominum.

775 2650 858 2713 Item
880 2651 950 2714 alia
972 2651 1084 2715 aratro

316 2767 580 2896 OMnipotens
604 2769 858 2852 sempiternae†
840 2771 994 2851 †.deus
1013 2770 1088 2834 fons
1115 2773 1266 2836 omnium
1300 2773 1464 2836 ulrtutum
1488 2781 1523 2835 et

427 2857 602 2939 plenitudo
624 2857 828 2939 gratiarum.
847 2858 985 2940 dignare
1009 2858 1098 2921 hunc
1121 2858 1251 2923 fontem
1274 2880 1370 2922 sacro
1392 2858 1520 2941 baptis·

314 2941 428 3006 mate²
464 2952 680 3026 preparatum
712 2945 899 3008 maiestatis
931 2957 1009 3009 tuae
1041 2948 1208 3028 presentia
1239 2966 1462 3010 consecrare.
1483 2956 1521 3009 ut

312 3030 369 3111 qui
390 3031 520 3131 ubique
546 3041 638 3094 totus
665 3051 701 3094 es
728 3032 829 3095 etiarn
862 3032 916 3095 hic
947 3035 1066 3096 adesse
1092 3043 1127 3097 te
1158 3034 1191 3097 in
1220 3033 1343 3097 nostris
1367 3033 1522 3114 precibus

312 3118 520 3182 sentiamus.
541 3128 578 3182 ut
608 3119 809 3201 quicumque
839 3119 894 3182 hic
930 3121 1038 3183 trinae
1076 3121 1296 3184 confessionis
1334 3129 1368 3182 et
1406 3140 1522 3183 sacrae

311 3205 571 3306 regenerationis
595 3204 751 3269 effectum
779 3206 990 3289 percipiant.
1007 3209 1133 3289 gaudia
1156 3217 1293 3272 aeterna
1315 3227 1352 3269 se
1377 3209 1521 3290 adeptu·

312 3311 365 3354 ros
388 3293 461 3355 sine
483 3292 549 3355 fine
572 3293 739 3356 letentur.
756 3313 816 3375 per
839 3292 1025 3359 dominum.

311 3722 611 3786 RECONClLIATIO
636 3736 721 3786 LOCI
744 3736 852 3788 SACRI
880 3736 945 3787 UBI
972 3736 1136 3789 SANGUIS
1163 3739 1185 3787 F
1190 3738 1304 3788 UERIT
1327 3738 1519 3791 EFFUSUS.

586 3823 664 3874 AUT
688 3823 929 3876 HOMICIDIUM
954 3825 1241 3876 PERPETRATUM.

396 3945 566 4008 primitus
586 3946 626 4008 ab
647 3945 783 4028 episcopo
806 3956 855 4011 ter
876 3954 1070 4029 aspergatur
1091 3967 1178 4029 aqua
1201 3947 1376 4011 benedicta.
1392 3949 1428 4012 in

513 4029 650 4096 circuitu
669 4042 702 4097 et
722 4034 812 4098 intus
827 4083 833 4096 .
849 4042 883 4098 et
902 4033 1055 4096 dicantur
1077 4034 1139 4097 hae
1160 4035 1325 4098 orationes

380 4157 468 4220 Eum
499 4157 701 4221 indultorem
734 4158 1051 4224 criminum.deum
1079 4161 1229 4225 sordium
1260 4163 1518 4226 mundatorem.

423 4246 523 4308 deum
562 4247 619 4326 qui
651 4255 808 4309 cunctum
839 4248 986 4327 peccatis
1018 4247 1236 4329 originalibus
1265 4251 1428 4313 mundum
1457 4250 1516 4312 ad-

310 4340 432 4394 uentus
455 4333 506 4393 sui
530 4332 637 4395 nitore
663 4332 852 4415 purificauit
879 4334 1047 4416 supplices
1073 4337 1316 4418 deprecamur.
1332 4347 1370 4401 ut
1400 4346 1519 4400 contra

474 4464 482 4492 ¹
500 4464 629 4529 Probably
642 4465 680 4515 sor
691 4467 786 4531 replere.
1110 4469 1121 4498 ²
1137 4471 1183 4536 leg.
1197 4473 1351 4538 baptismati.
