3375 5250
261 378 293 429 70
500 377 629 427 SERMO
650 377 706 426 DE
727 376 996 426 DEDICATIONE
1017 375 1238 424 ECCLESIAE.

266 528 429 593 inebriatur
441 534 656 596 amaritudine.
666 536 766 614 perdit
779 534 871 595 uitam
887 582 894 593 .
908 534 1024 596 inuenit
1038 547 1165 595 mortem
1180 581 1188 595 .
1202 530 1343 611 Adquirit
1356 530 1469 609 suppli·

265 612 345 670 cium
364 624 395 674 et
419 616 517 692 perdit
537 620 739 695 paradysum.
754 619 794 677 Et
816 618 888 677 ideo
909 618 1014 677 fratres
1038 616 1110 694 quia
1133 617 1208 676 deus
1234 617 1291 675 sibi
1311 614 1408 674 uoluit
1429 612 1467 671 de

265 692 354 753 uobis
374 694 539 775 [templum
560 700 658 759 iacere
674 709 704 759 et
721 697 754 757 in
769 696 859 758 nobis
874 698 1014 774 dignatur
1031 698 1137 775 iugiter
1153 696 1309 757 habitare.
1339 693 1401 776 [fol.
1417 697 1466 769 89.

266 784 412 848 quantum
440 797 598 855 possumus
624 799 695 840 cum
721 778 815 856 ipsius
841 778 990 839 adiutorio
1015 779 1189 839 studeamus
1212 778 1361 855 superflua
1388 775 1466 853 proi·

267 872 335 915 cere
349 899 357 913 .
371 857 455 918 utilia
476 878 658 938 congregare
673 903 681 919 .
696 859 854 938 repudiare
882 861 1027 919 luxuriam
1042 905 1049 918 .
1063 860 1232 920 castitatem
1257 870 1381 919 tenere.
1397 876 1468 917 con-

266 943 422 1013 tempnere
440 941 617 1002 auaritiam.
633 940 867 1003 misericordiam
888 961 1012 1019 querere
1026 988 1033 999 .
1047 941 1152 1001 odium
1173 938 1349 1018 despicere.
1364 938 1469 997 carita-

268 1026 330 1077 tem
362 1018 510 1099 diligere.
532 1025 603 1100 Hec
634 1023 660 1083 si
687 1023 849 1083 auxiliante
880 1024 939 1083 deo
971 1021 1096 1082 facimus
1122 1024 1227 1082 fratres
1240 1066 1249 1081 .
1263 1020 1295 1080 in
1321 1020 1468 1097 templum

267 1098 366 1159 cordis
384 1111 415 1161 et
434 1104 568 1181 corporis
588 1102 682 1166 nostri
701 1104 790 1165 deum
807 1102 916 1180 iugiter
932 1101 1117 1164 inuitamus.
1133 1102 1226 1163 Unde
1244 1122 1301 1162 nos
1320 1098 1468 1161 karissimi

269 1180 294 1238 si
312 1183 442 1242 natalem
461 1185 567 1263 templi
584 1205 655 1245 cum
673 1186 784 1263 gaudio
803 1186 953 1245 celebrare
971 1184 1252 1259 uolumus.templa
1271 1182 1320 1243 dei
1335 1182 1469 1242 uiuentia

269 1262 356 1321 malis
390 1265 529 1341 operibus
556 1266 589 1326 in
616 1266 704 1327 nobis
732 1268 884 1327 destruere
915 1284 979 1325 uon
1006 1264 1151 1325 debemus
1165 1310 1173 1325 .
1189 1266 1230 1325 Et
1256 1265 1315 1324 hoc
1342 1262 1469 1323 dicam.

271 1344 355 1418 quod
383 1364 489 1407 omnes
523 1346 687 1425 intelligere
715 1357 862 1424 possunt.
878 1346 1027 1423 Quotiens
1052 1345 1091 1406 ad
1120 1345 1278 1406 ecclesiam
1307 1343 1468 1404 uenimus.

270 1424 390 1499 qualern
414 1426 497 1487 illam
524 1427 660 1490 inuenire
686 1430 826 1489 uolumus
840 1473 849 1488 .
865 1433 940 1488 tales
967 1441 998 1488 et
1025 1428 1140 1487 animas
1167 1437 1285 1486 nostras
1313 1444 1470 1503 preparare

270 1505 416 1566 debemus
430 1552 438 1568 .
454 1509 511 1571 Uis
532 1510 685 1570 basilicam
706 1510 832 1569 nitidam
853 1508 1010 1569 inuenire.
1025 1510 1089 1569 noli
1109 1520 1192 1568 tuam
1211 1507 1345 1567 animam
1365 1524 1471 1583 pecca-

270 1595 367 1645 tomm
390 1590 527 1651 sordibus
547 1591 723 1669 inquinare.
739 1591 770 1651 Si
789 1602 822 1651 tu
843 1591 890 1650 uis
910 1600 944 1650 ut
960 1588 1083 1649 basilica
1102 1590 1252 1649 luminosa
1269 1587 1330 1648 sit.
1345 1599 1376 1647 et
1396 1587 1471 1647 deus

270 1667 331 1727 hoc
358 1672 423 1729 uult
447 1681 481 1731 ut
502 1672 603 1732 anima
630 1684 683 1732 tua
709 1672 870 1733 tenebrosa
893 1690 956 1731 non
984 1671 1123 1733 sitr‘sed
1147 1672 1198 1730 liat
1221 1671 1304 1747 quod
1331 1667 1472 1729 domiuus

270 1746 365 1809 dicit.
382 1760 415 1810 ut
435 1753 533 1813 luceat
559 1754 609 1813 lux
636 1753 668 1813 in
694 1753 783 1815 nobis
809 1755 958 1814 bonorum
985 1771 1111 1829 operum
1124 1796 1131 1813 .
1145 1763 1176 1813 et
1202 1751 1253 1811 ille
1272 1752 1324 1828 qui
1346 1749 1471 1827 incelis

271 1826 336 1907 sest
357 1831 558 1907 glorificetur.
576 1835 740 1915 Quomodo
763 1846 797 1895 tu
818 1834 910 1894 intras
931 1842 963 1893 in
989 1832 1146 1893 ecclesiam
1167 1832 1277 1892 istam.
1325 1829 1385 1912 [fol.
1402 1834 1471 1906 89v.

271 1909 315 1969 sic
334 1911 409 1972 deus
428 1917 492 1974 uult
512 1914 544 1975 in
563 1916 694 1976 animam
713 1928 796 1975 tuam
817 1915 925 1975 intrare
940 1914 1017 1974 sicut
1032 1915 1100 1992 ipse
1116 1914 1309 1990 promisit.et
1327 1911 1472 1973 habitabo

271 1988 303 2049 in
334 1991 420 2055 illis.
443 1997 524 2073 Ergo
558 1996 698 2075 quotiens
730 1998 862 2057 natalem
897 1993 1002 2073 templi
1037 1995 1145 2073 cupitis
1177 1994 1328 2055 celebrare
1350 2041 1357 2054 .
1379 1992 1472 2054 sobrii

271 2072 389 2147 pacifici
416 2076 533 2137 debetis
555 2079 593 2138 ad
615 2077 773 2138 ecclesiam
795 2077 979 2138 conuenire.
997 2087 1028 2137 et
1050 2088 1122 2137 ante
1145 2078 1245 2153 plures
1266 2076 1331 2135 dies
1355 2075 1472 2135 castita-

272 2162 334 2212 tem
372 2154 462 2217 etiam
496 2178 566 2218 cum
598 2158 725 2236 propriis
757 2158 899 2219 uxoribus
937 2159 1109 2219 custodite.
1125 2168 1156 2217 et
1189 2158 1355 2217 secundum
1392 2155 1471 2214 uires

272 2244 385 2295 uestras
413 2240 595 2316 pauperihus
625 2239 821 2317 elymosinam
855 2238 995 2300 exhibete
1016 2286 1024 2301 .
1048 2250 1079 2299 et
1111 2251 1183 2297 tunc
1213 2236 1402 2316 spiritualiter
1431 2238 1471 2296 ad

272 2317 404 2377 natalem
429 2320 549 2398 basilice
571 2333 601 2380 et
622 2325 661 2381 ad
680 2331 851 2381 sanctorum
873 2320 1124 2397 sollempnitatem
1145 2319 1301 2380 ueniamus
1313 2366 1322 2381 .
1336 2329 1367 2378 et
1389 2318 1473 2394 quic-

273 2396 346 2473 quid
368 2400 443 2460 iuste
464 2401 646 2462 uoluerimus
666 2422 685 2461 a
700 2403 759 2462 deo
780 2412 883 2479 petere
897 2413 1014 2463 .totum
1032 2399 1213 2461 merebimur
1226 2400 1361 2461 obtinere
1376 2447 1383 2460 .
1400 2401 1472 2458 Hoc

273 2487 344 2537 ante
378 2480 480 2541 omnia
514 2494 659 2559 oportet.
684 2493 718 2543 ut
754 2485 909 2560 quomodo
941 2484 981 2543 ad
1015 2483 1174 2543 ecclesiam
1206 2481 1309 2541 nitidis
1338 2482 1472 2541 uestibus

274 2558 403 2621 uenitis.
421 2562 462 2621 ita
485 2564 577 2623 etiam
597 2564 719 2626 mundis
740 2563 881 2624 cordibus
904 2564 1031 2624 ueniatis
1046 2612 1053 2624 .
1071 2562 1154 2623 Nihil
1182 2561 1263 2623 enim
1291 2562 1412 2641 prodest
1439 2574 1473 2621 ut

273 2639 386 2702 nitidus
413 2663 557 2722 appareas
585 2648 616 2705 in
645 2645 740 2706 oculis
772 2647 929 2706 hominum
948 2693 955 2707 .
976 2648 1001 2705 si
1028 2645 1165 2705 sordidus
1195 2645 1284 2706 fueris
1317 2644 1349 2702 in
1378 2643 1475 2704 oculis

274 2724 472 2798 angelorum.
495 2728 584 2787 Certe
610 2729 714 2787 fratres
736 2728 859 2804 quando
882 2725 914 2785 in
938 2728 1096 2787 ecclesiam
1119 2728 1229 2786 intrare
1253 2736 1284 2786 et
1309 2724 1475 2785 communi-

274 2820 342 2864 care
375 2808 540 2868 uolumus.
561 2807 641 2885 prius
671 2827 777 2868 manus
806 2817 921 2867 nostras
955 2808 1160 2877 abluemus†.
1177 2809 1232 2867 sed
1260 2826 1337 2884 opus
1365 2816 1411 2866 est
1441 2817 1475 2866 ut

275 2886 429 2960 quomodo
460 2906 513 2964 per
547 2908 655 2966 aquam
690 2890 824 2948 lauamus
859 2907 965 2948 manus
997 2901 1141 2948 nostras.
1163 2887 1206 2947 sic
1234 2908 1288 2965 per
1318 2887 1473 2948 caritatem

277 2962 327 3043 let
361 2968 557 3028 elemosinam
592 2971 748 3030 abluamus
781 2967 895 3030 animas
930 2980 1075 3030 nostras.
1097 2971 1177 3030 Nam
1210 2969 1285 3028 nihil
1337 2965 1400 3049 [fol.
1424 2989 1472 3045 90.

275 3047 397 3122 prodest
415 3049 494 3109 nitor
512 3050 543 3109 in
564 3069 707 3128 corpore.
720 3051 745 3110 si
765 3049 877 3128 puritas
898 3069 961 3111 non
981 3062 1115 3111 seruatur
1134 3051 1166 3110 in
1187 3051 1298 3112 corde.
1310 3049 1341 3110 Si
1361 3051 1473 3110 malum

276 3138 321 3186 est
342 3139 373 3188 et
392 3138 478 3207 turpe
501 3151 569 3191 cum
584 3129 711 3192 sordidis
725 3131 864 3191 manibus
881 3131 920 3191 ad
938 3132 1030 3192 altare
1049 3131 1367 3208 accedere.quantum
1387 3131 1473 3208 peius

276 3220 322 3268 est
346 3210 377 3270 in
406 3210 536 3272 animam
559 3212 709 3273 sordidam
734 3231 842 3289 corpus
871 3223 902 3274 et
928 3212 1104 3292 sanguinem
1127 3211 1229 3272 christi
1256 3210 1407 3288 suscipere
1421 3255 1429 3270 .
1443 3210 1474 3271 Si

276 3288 307 3349 in
335 3311 435 3352 arcam
463 3295 583 3370 plenam
611 3296 675 3354 luto
709 3293 888 3354 uestimenta
914 3303 967 3353 tua
993 3314 1056 3354 non
1087 3294 1134 3354 uis
1165 3293 1304 3354 mittere.
1321 3311 1413 3369 quare
1440 3291 1472 3350 in

276 3372 407 3432 animam
439 3376 557 3451 plenam
590 3374 721 3452 peccatis
754 3395 842 3435 ausus
875 3395 908 3436 es
941 3375 1043 3436 christi
1070 3384 1254 3436 sacramenta
1279 3392 1473 3451 presumere.

277 3453 367 3514 Certe
395 3466 425 3515 et
451 3473 555 3515 omnes
579 3456 716 3517 mulieres
741 3458 864 3533 quando
888 3459 928 3517 ad
952 3459 1044 3517 altare
1071 3455 1352 3517 ueniunt.linteola
1378 3453 1473 3514 nitida

276 3535 417 3595 exhibent
443 3535 474 3594 iu
502 3536 609 3614 quibus
638 3538 738 3600 christi
762 3549 948 3598 sacramenta
975 3537 1141 3615 percipiant
1155 3581 1163 3595 .
1177 3547 1208 3596 et
1235 3539 1314 3596 bene
1338 3548 1368 3595 et
1395 3534 1473 3595 iuste

277 3616 389 3676 faciunt
402 3661 411 3679 .
426 3617 485 3676 Sed
513 3619 679 3679 adtendant
707 3630 738 3680 et
764 3617 976 3680 considerent.
994 3630 1028 3679 ut
1049 3619 1205 3696 quomodo
1225 3617 1322 3677 nitida
1349 3615 1472 3676 linteola

275 3698 439 3760 exhibent.
452 3697 495 3758 sic
516 3699 606 3758 etiam
628 3701 736 3761 nitidas
760 3698 876 3761 animas
895 3721 962 3761 suas
987 3699 1168 3761 exhibeant.
1183 3717 1222 3758 ne
1243 3700 1320 3759 sorte
1341 3696 1368 3756 si
1386 3697 1473 3757 aliter

275 3777 386 3838 factum
407 3779 514 3840 fuerit.
530 3781 631 3841 christi
652 3793 837 3842 sacramenta
859 3782 889 3842 in
911 3782 953 3842 eis
980 3780 1130 3858 patiantur
1155 3779 1315 3840 iniuriam.
1335 3780 1375 3838 Et
1402 3780 1473 3839 ideo

275 3870 308 3918 ut
335 3879 442 3938 corpus
475 3861 589 3922 domini
623 3864 717 3924 nostri
746 3876 776 3925 et
804 3863 980 3940 sanguinem
1012 3882 1074 3923 non
1108 3862 1148 3921 ad
1181 3861 1323 3920 iudicium
1351 3861 1406 3921 sed
1434 3859 1474 3919 ad

274 3941 439 4002 remedium
458 3961 624 4003 mereamur
642 3945 796 4022 accipere.
809 3956 839 4004 et
860 3954 1003 4021 quantum
1025 3962 1183 4021 possumus
1198 3961 1268 4002 cum
1286 3941 1378 4018 ipsius
1392 3941 1474 4000 adiu·

275 4021 352 4082 torio
373 4023 609 4086 laboremus.ne
631 4025 662 4085 in
683 4027 771 4086 nohis
793 4045 846 4103 per
867 4026 946 4084 mala
958 4043 1050 4102 opera
1069 4034 1171 4084 nostra
1193 4021 1304 4102 spatia·
1327 4021 1388 4103 [fol.
1405 4043 1474 4098 9ov.

273 4107 366 4169 mur†
394 4105 529 4166 iniuriam
545 4149 552 4164 .
567 4107 677 4170 Omnis
698 4110 778 4168 enim
806 4106 857 4184 qui
879 4107 957 4167 male
985 4106 1046 4183 agit
1061 4151 1069 4165 .
1084 4103 1196 4165 christo
1217 4103 1355 4163 iniuriam
1377 4104 1470 4162 facit.

273 4187 450 4247 sicutenim
472 4199 503 4247 tu
527 4208 591 4248 non
615 4189 661 4248 nis
686 4191 748 4266 pati
773 4187 912 4248 iniuriam
934 4187 966 4246 in
986 4189 1078 4247 domo
1102 4197 1175 4246 tua.
1192 4185 1235 4245 ita
1259 4196 1289 4246 et
1313 4186 1387 4245 deus
1412 4203 1473 4242 non

274 4271 338 4328 uult
359 4267 494 4328 iniuriam
517 4270 580 4345 pati
602 4269 634 4329 in
655 4271 748 4330 domo
770 4290 823 4330 sua
836 4269 856 4330 τ’
870 4268 901 4328 id
926 4278 972 4328 est
993 4267 1024 4326 in
1045 4267 1146 4327 anima
1174 4277 1247 4327 tua.
1266 4266 1299 4327 Si
1322 4285 1393 4342 ergo
1418 4263 1474 4324 tibi

273 4369 334 4409 non
359 4369 461 4426 parces
487 4363 606 4428 propter
628 4367 658 4412 te
679 4352 804 4429 ipsum.
826 4369 916 4427 parce
938 4348 993 4409 tibi
1017 4351 1066 4408 uel
1090 4360 1212 4426 propter
1236 4349 1326 4409 deum
1344 4394 1351 4408 .
1366 4345 1418 4423 qui
1442 4361 1473 4405 te

270 4433 410 4508 dignatus
434 4443 480 4493 est
504 4434 602 4493 facere
626 4435 772 4512 templum
798 4452 884 4492 suum
900 4478 907 4493 .
924 4430 1039 4491 Omnes
1064 4429 1144 4490 enim
1173 4428 1307 4490 ebriosi.
1323 4426 1469 4488 adulteri.
