3375 5250
289 434 322 484 92
652 420 909 470 CONSECRATIO
931 420 982 469 EC
983 420 1150 470 CLESIAE.

292 593 413 656 corpus
458 575 511 639 dei
557 586 591 641 et
632 578 759 641 domini
802 577 906 641 nostri
951 577 1045 641 ihesu
1090 577 1205 641 christi
1244 576 1303 641 filii
1347 576 1422 640 tui.
1445 574 1502 656 qui

291 659 418 744 stecum
438 664 523 765 uiuit
543 673 577 728 et
597 674 716 748 regnat
738 665 821 728 deus
837 667 871 727 in
888 665 1017 729 unitate
1033 665 1169 748 spiritus
1186 665 1315 731 sancti.
1332 661 1402 751 [sol.
1431 679 1501 727 111.

292 767 352 829 per
374 770 497 816 omnia

853 977 946 1043 Alia.

301 1128 435 1255 DEus
473 1130 528 1212 qui
574 1150 636 1213 pro
675 1129 806 1212 generis
846 1130 984 1194 humani
1022 1128 1232 1194 saluatione.
1249 1127 1389 1192 uerbum
1427 1148 1504 1191 caro

408 1216 514 1280 sactus
533 1237 568 1280 es
585 1266 592 1280 .
608 1226 641 1280 et
659 1216 812 1281 habitare
834 1228 926 1281 totus
949 1219 983 1280 in
1007 1216 1104 1280 nobis
1129 1237 1196 1281 non
1218 1215 1421 1298 dedignatus
1444 1235 1503 1279 es.

296 1302 420 1385 quique
440 1304 594 1366 traditori
621 1312 681 1367 tuo
712 1303 842 1387 perfido
874 1304 1027 1368 osculum
1056 1305 1149 1386 pium
1173 1303 1321 1367 dedisti.
1338 1302 1420 1365 dum
1444 1322 1506 1384 pro

296 1391 446 1452 omnium
477 1391 548 1454 uita
578 1391 653 1474 pius
684 1391 819 1455 uoluisti
850 1412 957 1474 agnus
989 1393 1127 1455 mactari
1144 1438 1153 1455 .
1169 1400 1270 1472 atque
1302 1389 1336 1453 in
1364 1389 1505 1452 sindone

296 1476 364 1539 lino
387 1484 485 1541 texta
511 1477 629 1560 ioseph
655 1488 765 1542 totum
793 1486 828 1542 te
855 1479 983 1541 inuolui
1015 1477 1195 1561 permisisti
1212 1527 1219 1541 .
1236 1477 1363 1560 respice
1393 1476 1506 1559 propi·

296 1564 363 1626 tius
390 1564 434 1626 ad
466 1585 564 1629 uoces
595 1575 726 1628 nostras
744 1616 750 1628 .
767 1567 847 1648 quia
878 1576 936 1630 tua
963 1565 1106 1629 fideliter
1134 1566 1319 1628 karismata
1347 1562 1505 1645 amplecti

296 1650 473 1731 cupimus.
490 1672 673 1734 quesumus
719 1653 856 1717 domine
897 1653 1106 1717 sanctificare
1126 1701 1132 1716 .
1149 1652 1371 1716 benedicere.
1389 1670 1505 1714 conse·

296 1757 455 1819 crareque
492 1741 639 1820 digneris
677 1740 740 1816 hec
777 1740 963 1822 corporalia
1001 1741 1035 1803 in
1074 1760 1171 1803 usum
1214 1739 1329 1803 altaris
1370 1739 1420 1802 tui
1462 1739 1504 1801 ad

297 1826 559 1890 consecrandum
594 1847 694 1909 super
723 1847 787 1893 ea.
804 1829 876 1890 siue
907 1829 950 1891 ad
982 1828 1166 1910 tegendum
1197 1825 1506 1906 inuoluendumque

297 1932 417 1994 corpus
442 1923 477 1976 et
499 1915 698 1995 sanguinem
722 1913 780 1978 filii
804 1916 853 1977 tui
877 1915 1008 1978 domini
1027 1916 1131 1977 nostri
1158 1914 1251 1976 ihesu
1279 1912 1392 1976 christi
1410 1961 1416 1975 .
1434 1913 1507 1993 dig·

298 1998 414 2081 nisque
437 2015 617 2083 pareantur
635 1999 852 2065 famulatibus
869 2051 876 2066 .
892 2013 929 2065 ut
953 2022 1018 2085 que
1038 2001 1100 2065 tibi
1121 2020 1217 2063 sacro
1238 2001 1302 2063 ritu
1323 2020 1423 2081 super
1446 1997 1508 2075 hec

298 2086 563 2151 immolabuntur
582 2090 670 2151 sicut
688 2089 935 2153 melchisedech
955 2089 1106 2152 oblatum
1125 2088 1359 2151 holocaustum
1380 2085 1508 2167 tibique

298 2174 505 2255 acceptabile
527 2176 650 2257 optulit
667 2226 673 2239 .
690 2177 737 2238 sic
764 2175 928 2239 sacrificia
952 2186 1067 2240 nostra
1092 2175 1312 2258 acceptabilia
1334 2174 1417 2237 fiant
1433 2223 1440 2240 .
1457 2170 1508 2234 Te

299 2281 434 2343 quoque
456 2262 625 2326 humiliter
649 2283 807 2345 rogamus
830 2283 870 2326 ac
898 2265 1043 2345 petimus
1059 2310 1068 2326 .
1084 2273 1122 2326 ut
1148 2263 1211 2341 hec
1237 2260 1424 2344 corporalia
1450 2267 1508 2337 tue

298 2347 572 2412 sanctificationis
604 2350 756 2414 ubertate
787 2371 847 2433 per
877 2351 1013 2433 spiritus
1043 2349 1150 2414 sancti
1180 2349 1324 2430 gratiam
1355 2344 1509 2430 purifices

299 2443 333 2497 et
364 2436 577 2501 sanctifices.
594 2439 651 2519 qui
686 2447 720 2500 te
753 2458 815 2521 pro
846 2439 943 2501 nobis
973 2439 1131 2501 omnibus
1161 2435 1360 2499 sacrificium
1391 2434 1509 2497 offerre

299 2521 433 2586 uoluisti
457 2531 491 2585 et
518 2536 631 2605 presta
662 2532 699 2587 ut
726 2546 825 2608 super
852 2525 903 2588 his
928 2526 996 2589 sint
1022 2522 1097 2610 stibi
1124 2523 1285 2587 libamina
1324 2517 1395 2607 [sol.
1417 2537 1508 2584 111v.

299 2618 460 2692 accepta.
476 2611 544 2674 sint
566 2622 684 2695 grata.
702 2612 768 2676 sint
789 2613 951 2696 pinguia.
968 2622 1002 2677 et
1023 2613 1158 2696 spiritus
1179 2611 1286 2675 sancti
1308 2609 1357 2675 tui
1378 2628 1510 2691 semper

298 2716 372 2759 rore
395 2698 528 2779 perfusa
543 2746 551 2764 .
568 2720 628 2781 per
649 2700 833 2764 dominum.

859 2955 951 3021 Alia.

307 3126 441 3251 DEus
485 3128 542 3209 qui
587 3126 689 3210 digne
726 3126 787 3191 tibi
826 3127 1042 3191 seruientium
1081 3148 1142 3190 nos
1180 3127 1303 3190 imitari
1342 3125 1511 3190 desideras

413 3214 613 3277 famulatum
629 3264 637 3279 .
653 3216 779 3297 respice
801 3216 966 3298 propitius
989 3215 1033 3279 ad
1056 3214 1254 3278 humilitatis
1274 3223 1387 3292 nostre
1409 3214 1513 3276 serui-

301 3312 408 3365 tutem
426 3350 432 3364 .
450 3311 484 3364 et
506 3302 568 3379 hec
595 3302 781 3383 corporalia
807 3303 935 3365 nomini
963 3312 1022 3365 tuo
1049 3302 1183 3366 dicata.
1200 3301 1370 3365 seruitutis
1397 3309 1511 3378 nostre

304 3388 417 3452 usibus
433 3435 442 3452 .
457 3398 635 3471 preparata
650 3438 657 3452 .
675 3389 806 3452 celestis
851 3390 985 3453 uirtutis
1034 3389 1269 3453 benedictione
1316 3386 1511 3452 sanctifica.

302 3474 441 3558 purifica
457 3525 464 3538 .
480 3486 514 3539 et
536 3497 717 3540 consecra.
734 3477 892 3559 quatinus
916 3497 1016 3560 super
1042 3497 1082 3539 ea
1108 3476 1244 3558 spiritus
1271 3486 1407 3538 sanctus
1434 3485 1511 3539 tuus

303 3564 582 3646 descendat.qui
613 3574 647 3627 et
677 3564 792 3646 populi
826 3565 875 3627 tui
908 3565 1097 3628 oblationes
1127 3564 1305 3626 benedicat
1321 3572 1379 3626 .·et
1408 3562 1511 3625 corda

303 3651 374 3713 siue
396 3670 536 3732 corpora
559 3652 763 3714 sumentium
786 3651 951 3733 benignus
975 3650 1147 3733 perficiat.
1164 3670 1223 3733 per
1245 3650 1430 3713 dominum.

596 3944 712 4008 Oratio
734 3944 782 4007 ad
793 3954 948 4024 patenam
970 3940 1224 4007 consecrandam.

307 4114 592 4244 COnsecramus
619 4123 653 4178 et
678 4113 928 4179 sanctificamus
959 4115 1046 4178 hanc
1073 4122 1233 4195 patenam
1264 4112 1308 4176 ad
1339 4108 1514 4174 conficien-

408 4205 489 4265 dum
513 4203 547 4265 in
570 4222 610 4264 ea
637 4222 757 4283 corpus
787 4201 915 4265 domini
947 4201 1051 4265 nostri
1084 4200 1177 4263 ihesu
1209 4198 1324 4263 christi
1355 4196 1515 4280 patientis

303 4311 433 4354 crucem
465 4310 526 4373 pro
549 4289 701 4353 omnium
728 4288 837 4352 salute
854 4336 861 4352 .
878 4290 935 4372 qui
961 4308 1038 4353 cum
1065 4297 1161 4370 patre
1188 4298 1223 4350 et
1253 4286 1372 4371 spiritu
1396 4292 1514 4347 sancto

304 4378 387 4441 uiuit
410 4387 444 4441 et
467 4387 593 4459 regnat.
