<?xml version="1.0" encoding="UTF-8"?>
<!DOCTYPE html PUBLIC "-//W3C//DTD XHTML 1.0 Transitional//EN"
    "http://www.w3.org/TR/xhtml1/DTD/xhtml1-transitional.dtd">
<html xmlns="http://www.w3.org/1999/xhtml" xml:lang="en" lang="en">
 <head>
  <title>
</title>
<meta http-equiv="Content-Type" content="text/html;charset=utf-8" />
  <meta name='ocr-system' content='tesseract 3.04.00' />
  <meta name='ocr-capabilities' content='ocr_page ocr_carea ocr_par ocr_line ocrx_word'/>
</head>
<body>
  <div class='ocr_page' id='page_1' title='image "benedictionalar00munigoog_0099.png"; bbox 0 0 3375 5250; ppageno 0'>
   <div class='ocr_carea' id='block_1_1' title="bbox 570 420 1044 473">
    <p class='ocr_par' dir='ltr' id='par_1_1' title="bbox 570 420 1044 473">
     <span class='ocr_line' id='line_1_1' title="bbox 570 420 1044 473; baseline -0.008 0"><span class='ocrx_word' id='word_1_1' title='bbox 570 424 780 473; x_wconf 86' lang='lat' dir='ltr'><em>ABSOLUTIO</em></span> <span class='ocrx_word' id='word_1_2' title='bbox 802 420 1044 472; x_wconf 81' lang='lat' dir='ltr'><em>PENITENTIS.</em></span> 
     </span>
    </p>
   </div>
   <div class='ocr_carea' id='block_1_2' title="bbox 767 596 860 661">
    <p class='ocr_par' dir='ltr' id='par_1_2' title="bbox 767 596 860 661">
     <span class='ocr_line' id='line_1_2' title="bbox 767 596 860 661; baseline 0.011 -1"><span class='ocrx_word' id='word_1_3' title='bbox 767 596 860 661; x_wconf 79' lang='lat' dir='ltr'>Alia.</span> 
     </span>
    </p>
   </div>
   <div class='ocr_carea' id='block_1_3' title="bbox 208 731 1417 1429">
    <p class='ocr_par' dir='ltr' id='par_1_3' title="bbox 208 731 1417 1429">
     <span class='ocr_line' id='line_1_3' title="bbox 274 731 1417 802; baseline -0.003 -5"><span class='ocrx_word' id='word_1_4' title='bbox 274 734 383 801; x_wconf 88' lang='lat' dir='ltr'>Reeor</span> <span class='ocrx_word' id='word_1_5' title='bbox 405 738 540 801; x_wconf 92' lang='lat' dir='ltr'>domine</span> <span class='ocrx_word' id='word_1_6' title='bbox 564 737 777 802; x_wconf 90' lang='lat' dir='ltr'>elementiam</span> <span class='ocrx_word' id='word_1_7' title='bbox 800 746 880 801; x_wconf 90' lang='lat' dir='ltr'>tuae</span> <span class='ocrx_word' id='word_1_8' title='bbox 903 735 1088 800; x_wconf 89' lang='lat' dir='ltr'>maiestatis</span> <span class='ocrx_word' id='word_1_9' title='bbox 1106 784 1111 797; x_wconf 96' lang='lat'><em>.</em></span> <span class='ocrx_word' id='word_1_10' title='bbox 1128 743 1166 797; x_wconf 92' lang='lat' dir='ltr'>ut</span> <span class='ocrx_word' id='word_1_11' title='bbox 1188 732 1266 795; x_wconf 92' lang='lat' dir='ltr'>huie</span> <span class='ocrx_word' id='word_1_12' title='bbox 1289 731 1417 794; x_wconf 88' lang='lat' dir='ltr'>samulo</span> 
     </span>
     <span class='ocr_line' id='line_1_4' title="bbox 318 820 1415 907; baseline -0.005 -20"><span class='ocrx_word' id='word_1_13' title='bbox 318 833 378 887; x_wconf 95' lang='lat' dir='ltr'>tuo</span> <span class='ocrx_word' id='word_1_14' title='bbox 400 834 539 907; x_wconf 87' lang='lat' dir='ltr'>peccata</span> <span class='ocrx_word' id='word_1_15' title='bbox 562 835 596 889; x_wconf 93' lang='lat' dir='ltr'>et</span> <span class='ocrx_word' id='word_1_16' title='bbox 619 826 766 889; x_wconf 84' lang='lat' dir='ltr'>facinora</span> <span class='ocrx_word' id='word_1_17' title='bbox 789 845 850 887; x_wconf 92' lang='lat' dir='ltr'>sua</span> <span class='ocrx_word' id='word_1_18' title='bbox 869 823 1044 887; x_wconf 87' lang='lat' dir='ltr'>confitenti</span> <span class='ocrx_word' id='word_1_19' title='bbox 1068 821 1221 883; x_wconf 88' lang='lat' dir='ltr'>relaxare</span> <span class='ocrx_word' id='word_1_20' title='bbox 1243 820 1415 899; x_wconf 65' lang='lat' dir='ltr'>digneris</span> 
     </span>
     <span class='ocr_line' id='line_1_5' title="bbox 212 905 1415 995; baseline -0.002 -25"><span class='ocrx_word' id='word_1_21' title='bbox 212 907 280 989; x_wconf 82' lang='lat' dir='ltr'>Qui</span> <span class='ocrx_word' id='word_1_22' title='bbox 310 911 457 975; x_wconf 90' lang='lat' dir='ltr'>humeris</span> <span class='ocrx_word' id='word_1_23' title='bbox 495 913 562 976; x_wconf 93' lang='lat' dir='ltr'>tuis</span> <span class='ocrx_word' id='word_1_24' title='bbox 590 932 689 976; x_wconf 91' lang='lat' dir='ltr'>ouem</span> <span class='ocrx_word' id='word_1_25' title='bbox 718 914 884 995; x_wconf 88' lang='lat' dir='ltr'>perditam</span> <span class='ocrx_word' id='word_1_26' title='bbox 922 910 1087 974; x_wconf 92' lang='lat' dir='ltr'>reduxisti</span> <span class='ocrx_word' id='word_1_27' title='bbox 1124 909 1167 971; x_wconf 92' lang='lat' dir='ltr'>ad</span> <span class='ocrx_word' id='word_1_28' title='bbox 1203 905 1415 986; x_wconf 89' lang='lat' dir='ltr'>caulas.qui</span> 
     </span>
     <span class='ocr_line' id='line_1_6' title="bbox 210 992 1415 1082; baseline -0.002 -26"><span class='ocrx_word' id='word_1_29' title='bbox 210 997 379 1077; x_wconf 91' lang='lat' dir='ltr'>publicani</span> <span class='ocrx_word' id='word_1_30' title='bbox 422 1000 574 1082; x_wconf 89' lang='lat' dir='ltr'>precibus</span> <span class='ocrx_word' id='word_1_31' title='bbox 617 1000 670 1062; x_wconf 90' lang='lat' dir='ltr'>uel</span> <span class='ocrx_word' id='word_1_32' title='bbox 711 998 921 1063; x_wconf 83' lang='lat' dir='ltr'>confessione</span> <span class='ocrx_word' id='word_1_33' title='bbox 962 998 1114 1080; x_wconf 91' lang='lat' dir='ltr'>placatus</span> <span class='ocrx_word' id='word_1_34' title='bbox 1160 1013 1218 1058; x_wconf 86' lang='lat' dir='ltr'>es.</span> <span class='ocrx_word' id='word_1_35' title='bbox 1236 1003 1272 1057; x_wconf 94' lang='lat' dir='ltr'>tu</span> <span class='ocrx_word' id='word_1_36' title='bbox 1312 992 1415 1055; x_wconf 91' lang='lat' dir='ltr'>etiam</span> 
     </span>
     <span class='ocr_line' id='line_1_7' title="bbox 208 1080 1416 1169; baseline 0 -27"><span class='ocrx_word' id='word_1_37' title='bbox 208 1081 345 1148; x_wconf 91' lang='lat' dir='ltr'>domine</span> <span class='ocrx_word' id='word_1_38' title='bbox 375 1086 452 1150; x_wconf 93' lang='lat' dir='ltr'>huic</span> <span class='ocrx_word' id='word_1_39' title='bbox 476 1086 603 1150; x_wconf 79' lang='lat' dir='ltr'>famulo</span> <span class='ocrx_word' id='word_1_40' title='bbox 627 1097 686 1150; x_wconf 92' lang='lat' dir='ltr'>tuo</span> <span class='ocrx_word' id='word_1_41' title='bbox 709 1087 866 1169; x_wconf 89' lang='lat' dir='ltr'>placare.</span> <span class='ocrx_word' id='word_1_42' title='bbox 884 1086 937 1149; x_wconf 93' lang='lat' dir='ltr'>Tu</span> <span class='ocrx_word' id='word_1_43' title='bbox 962 1086 1032 1147; x_wconf 92' lang='lat' dir='ltr'>eius</span> <span class='ocrx_word' id='word_1_44' title='bbox 1063 1083 1217 1166; x_wconf 88' lang='lat' dir='ltr'>precibus</span> <span class='ocrx_word' id='word_1_45' title='bbox 1248 1080 1416 1161; x_wconf 88' lang='lat' dir='ltr'>benignus</span> 
     </span>
     <span class='ocr_line' id='line_1_8' title="bbox 210 1169 1415 1256; baseline -0.002 -25"><span class='ocrx_word' id='word_1_46' title='bbox 210 1171 335 1235; x_wconf 91' lang='lat' dir='ltr'>adsiste</span> <span class='ocrx_word' id='word_1_47' title='bbox 353 1222 360 1238; x_wconf 92' lang='lat'>.</span> <span class='ocrx_word' id='word_1_48' title='bbox 378 1183 415 1237; x_wconf 91' lang='lat' dir='ltr'>ut</span> <span class='ocrx_word' id='word_1_49' title='bbox 439 1175 473 1237; x_wconf 90' lang='lat' dir='ltr'>in</span> <span class='ocrx_word' id='word_1_50' title='bbox 496 1173 704 1237; x_wconf 87' lang='lat' dir='ltr'>consessione</span> <span class='ocrx_word' id='word_1_51' title='bbox 728 1172 829 1237; x_wconf 90' lang='lat' dir='ltr'>flebili</span> <span class='ocrx_word' id='word_1_52' title='bbox 862 1191 1063 1256; x_wconf 87' lang='lat' dir='ltr'>permanens</span> <span class='ocrx_word' id='word_1_53' title='bbox 1086 1169 1299 1233; x_wconf 89' lang='lat' dir='ltr'>clementiam</span> <span class='ocrx_word' id='word_1_54' title='bbox 1322 1176 1415 1231; x_wconf 91' lang='lat' dir='ltr'>tuam</span> 
     </span>
     <span class='ocr_line' id='line_1_9' title="bbox 208 1255 1414 1336; baseline -0.002 -18"><span class='ocrx_word' id='word_1_55' title='bbox 208 1257 360 1323; x_wconf 90' lang='lat' dir='ltr'>celeriter</span> <span class='ocrx_word' id='word_1_56' title='bbox 382 1270 524 1325; x_wconf 89' lang='lat' dir='ltr'>exoret.</span> <span class='ocrx_word' id='word_1_57' title='bbox 543 1271 577 1324; x_wconf 90' lang='lat' dir='ltr'>et</span> <span class='ocrx_word' id='word_1_58' title='bbox 600 1262 724 1325; x_wconf 90' lang='lat' dir='ltr'>sanctis</span> <span class='ocrx_word' id='word_1_59' title='bbox 749 1281 787 1323; x_wconf 91' lang='lat' dir='ltr'>ac</span> <span class='ocrx_word' id='word_1_60' title='bbox 811 1262 913 1323; x_wconf 88' lang='lat' dir='ltr'>sacris</span> <span class='ocrx_word' id='word_1_61' title='bbox 936 1258 1098 1322; x_wconf 86' lang='lat' dir='ltr'>altaribus</span> <span class='ocrx_word' id='word_1_62' title='bbox 1128 1256 1302 1319; x_wconf 91' lang='lat' dir='ltr'>restitutus</span> <span class='ocrx_word' id='word_1_63' title='bbox 1318 1302 1326 1317; x_wconf 92' lang='lat'><strong>.</strong></span> <span class='ocrx_word' id='word_1_64' title='bbox 1343 1255 1414 1336; x_wconf 90' lang='lat' dir='ltr'>spei</span> 
     </span>
     <span class='ocr_line' id='line_1_10' title="bbox 209 1344 1382 1429; baseline 0.001 -25"><span class='ocrx_word' id='word_1_65' title='bbox 209 1364 322 1409; x_wconf 89' lang='lat' dir='ltr'>rursus</span> <span class='ocrx_word' id='word_1_66' title='bbox 346 1356 379 1410; x_wconf 90' lang='lat' dir='ltr'>et</span> <span class='ocrx_word' id='word_1_67' title='bbox 402 1347 538 1412; x_wconf 91' lang='lat' dir='ltr'>caelesti</span> <span class='ocrx_word' id='word_1_68' title='bbox 562 1348 688 1429; x_wconf 88' lang='lat' dir='ltr'>gloriae</span> <span class='ocrx_word' id='word_1_69' title='bbox 711 1347 932 1412; x_wconf 84' lang='lat' dir='ltr'>reformetur.</span> <span class='ocrx_word' id='word_1_70' title='bbox 949 1367 1009 1429; x_wconf 92' lang='lat' dir='ltr'>per</span> <span class='ocrx_word' id='word_1_71' title='bbox 1031 1344 1216 1410; x_wconf 89' lang='lat' dir='ltr'>dominum.</span> <span class='ocrx_word' id='word_1_72' title='bbox 1378 1360 1382 1367; x_wconf 89' lang='lat'><em>·</em></span> 
     </span>
    </p>
   </div>
   <div class='ocr_carea' id='block_1_4' title="bbox 765 1551 910 1647">
    <p class='ocr_par' dir='ltr' id='par_1_4' title="bbox 765 1551 910 1647">
     <span class='ocr_line' id='line_1_11' title="bbox 765 1551 910 1647; baseline -0.021 -34"><span class='ocrx_word' id='word_1_73' title='bbox 765 1551 860 1613; x_wconf 83' lang='lat' dir='ltr'>Item.</span> <span class='ocrx_word' id='word_1_74' title='bbox 906 1639 910 1647; x_wconf 80' lang='lat'><em>.</em></span> 
     </span>
    </p>
   </div>
   <div class='ocr_carea' id='block_1_5' title="bbox 205 1684 1416 4563">
    <p class='ocr_par' dir='ltr' id='par_1_5' title="bbox 216 1684 1415 1810">
     <span class='ocr_line' id='line_1_12' title="bbox 216 1684 1415 1810; baseline -0.003 -61"><span class='ocrx_word' id='word_1_75' title='bbox 216 1685 352 1810; x_wconf 86' lang='lat' dir='ltr'>DEus</span> <span class='ocrx_word' id='word_1_76' title='bbox 382 1686 520 1749; x_wconf 87' lang='lat' dir='ltr'>humani</span> <span class='ocrx_word' id='word_1_77' title='bbox 550 1688 681 1769; x_wconf 91' lang='lat' dir='ltr'>generis</span> <span class='ocrx_word' id='word_1_78' title='bbox 712 1687 952 1770; x_wconf 87' lang='lat' dir='ltr'>benignissime</span> <span class='ocrx_word' id='word_1_79' title='bbox 983 1688 1209 1751; x_wconf 89' lang='lat' dir='ltr'>conditor.et</span> <span class='ocrx_word' id='word_1_80' title='bbox 1233 1684 1415 1747; x_wconf 88' lang='lat' dir='ltr'>misericor·</span> 
     </span>
    </p>

    <p class='ocr_par' dir='ltr' id='par_1_6' title="bbox 205 1771 1416 4563">
     <span class='ocr_line' id='line_1_13' title="bbox 323 1771 1413 1857; baseline -0.002 -21"><span class='ocrx_word' id='word_1_81' title='bbox 323 1774 462 1837; x_wconf 92' lang='lat' dir='ltr'>dissime</span> <span class='ocrx_word' id='word_1_82' title='bbox 485 1772 646 1837; x_wconf 87' lang='lat' dir='ltr'>formator</span> <span class='ocrx_word' id='word_1_83' title='bbox 661 1824 668 1838; x_wconf 88' lang='lat'><strong>.</strong></span> <span class='ocrx_word' id='word_1_84' title='bbox 682 1777 739 1857; x_wconf 93' lang='lat' dir='ltr'>qui</span> <span class='ocrx_word' id='word_1_85' title='bbox 762 1776 795 1836; x_wconf 95' lang='lat' dir='ltr'>in</span> <span class='ocrx_word' id='word_1_86' title='bbox 819 1776 1091 1838; x_wconf 88' lang='lat' dir='ltr'>conciliationem</span> <span class='ocrx_word' id='word_1_87' title='bbox 1117 1774 1285 1854; x_wconf 90' lang='lat' dir='ltr'>lapsorum</span> <span class='ocrx_word' id='word_1_88' title='bbox 1311 1771 1413 1834; x_wconf 92' lang='lat' dir='ltr'>etiam</span> 
     </span>
     <span class='ocr_line' id='line_1_14' title="bbox 209 1858 1413 1944; baseline 0.001 -25"><span class='ocrx_word' id='word_1_89' title='bbox 209 1877 264 1919; x_wconf 91' lang='lat' dir='ltr'>me</span> <span class='ocrx_word' id='word_1_90' title='bbox 295 1862 351 1941; x_wconf 95' lang='lat' dir='ltr'>qui</span> <span class='ocrx_word' id='word_1_91' title='bbox 383 1860 664 1937; x_wconf 86' lang='lat' dir='ltr'>misericordiam†</span> <span class='ocrx_word' id='word_1_92' title='bbox 691 1861 803 1940; x_wconf 77' lang='lat' dir='ltr'>tuam†</span> <span class='ocrx_word' id='word_1_93' title='bbox 827 1862 955 1944; x_wconf 90' lang='lat' dir='ltr'>primus</span> <span class='ocrx_word' id='word_1_94' title='bbox 987 1860 1287 1942; x_wconf 86' lang='lat' dir='ltr'>indige0.seruire</span> <span class='ocrx_word' id='word_1_95' title='bbox 1317 1858 1413 1921; x_wconf 86' lang='lat' dir='ltr'>effec-</span> 
     </span>
     <span class='ocr_line' id='line_1_15' title="bbox 209 1945 1415 2031; baseline 0.002 -26"><span class='ocrx_word' id='word_1_96' title='bbox 209 1945 300 2009; x_wconf 90' lang='lat' dir='ltr'>tibus</span> <span class='ocrx_word' id='word_1_97' title='bbox 334 1948 461 2030; x_wconf 86' lang='lat' dir='ltr'>gratiae</span> <span class='ocrx_word' id='word_1_98' title='bbox 496 1957 574 2011; x_wconf 92' lang='lat' dir='ltr'>tuae</span> <span class='ocrx_word' id='word_1_99' title='bbox 606 1970 665 2031; x_wconf 92' lang='lat' dir='ltr'>per</span> <span class='ocrx_word' id='word_1_100' title='bbox 697 1949 905 2012; x_wconf 87' lang='lat' dir='ltr'>sacerdotale</span> <span class='ocrx_word' id='word_1_101' title='bbox 940 1948 1160 2012; x_wconf 89' lang='lat' dir='ltr'>ministerium</span> <span class='ocrx_word' id='word_1_102' title='bbox 1196 1946 1332 2009; x_wconf 91' lang='lat' dir='ltr'>uoluisti</span> <span class='ocrx_word' id='word_1_103' title='bbox 1354 1956 1415 2009; x_wconf 84' lang='lat' dir='ltr'>‚ut</span> 
     </span>
     <span class='ocr_line' id='line_1_16' title="bbox 208 2032 1416 2118; baseline 0.002 -25"><span class='ocrx_word' id='word_1_104' title='bbox 208 2047 364 2098; x_wconf 87' lang='lat' dir='ltr'>cessante</span> <span class='ocrx_word' id='word_1_105' title='bbox 389 2036 508 2097; x_wconf 91' lang='lat' dir='ltr'>merito</span> <span class='ocrx_word' id='word_1_106' title='bbox 530 2035 689 2118; x_wconf 90' lang='lat' dir='ltr'>supplicis</span> <span class='ocrx_word' id='word_1_107' title='bbox 714 2036 896 2100; x_wconf 89' lang='lat' dir='ltr'>mirabilior</span> <span class='ocrx_word' id='word_1_108' title='bbox 919 2033 1028 2118; x_wconf 60' lang='lat' dir='ltr'>[fieret</span> <span class='ocrx_word' id='word_1_109' title='bbox 1049 2035 1226 2117; x_wconf 89' lang='lat' dir='ltr'>indulgen·</span> <span class='ocrx_word' id='word_1_110' title='bbox 1271 2032 1339 2115; x_wconf 84' lang='lat' dir='ltr'>[sol.</span> <span class='ocrx_word' id='word_1_111' title='bbox 1364 2047 1416 2115; x_wconf 88' lang='lat'>79.</span> 
     </span>
     <span class='ocr_line' id='line_1_17' title="bbox 209 2120 1414 2204; baseline 0 -23"><span class='ocrx_word' id='word_1_112' title='bbox 209 2120 259 2182; x_wconf 92' lang='lat' dir='ltr'>tia</span> <span class='ocrx_word' id='word_1_113' title='bbox 285 2122 513 2186; x_wconf 90' lang='lat' dir='ltr'>remittentis.</span> <span class='ocrx_word' id='word_1_114' title='bbox 537 2122 631 2186; x_wconf 91' lang='lat' dir='ltr'>Deus</span> <span class='ocrx_word' id='word_1_115' title='bbox 665 2123 720 2204; x_wconf 93' lang='lat' dir='ltr'>qui</span> <span class='ocrx_word' id='word_1_116' title='bbox 756 2124 904 2187; x_wconf 88' lang='lat' dir='ltr'>iustitiae</span> <span class='ocrx_word' id='word_1_117' title='bbox 937 2134 1016 2187; x_wconf 93' lang='lat' dir='ltr'>tuae</span> <span class='ocrx_word' id='word_1_118' title='bbox 1048 2122 1139 2203; x_wconf 87' lang='lat' dir='ltr'>leges</span> <span class='ocrx_word' id='word_1_119' title='bbox 1168 2121 1414 2183; x_wconf 92' lang='lat' dir='ltr'>misericordiae</span> 
     </span>
     <span class='ocr_line' id='line_1_18' title="bbox 210 2207 1413 2290; baseline -0.001 -21"><span class='ocrx_word' id='word_1_120' title='bbox 210 2227 345 2289; x_wconf 89' lang='lat' dir='ltr'>semper</span> <span class='ocrx_word' id='word_1_121' title='bbox 367 2207 647 2290; x_wconf 90' lang='lat' dir='ltr'>multiplicatione</span> <span class='ocrx_word' id='word_1_122' title='bbox 678 2211 884 2275; x_wconf 90' lang='lat' dir='ltr'>moderaris.</span> <span class='ocrx_word' id='word_1_123' title='bbox 902 2210 983 2273; x_wconf 94' lang='lat' dir='ltr'>dum</span> <span class='ocrx_word' id='word_1_124' title='bbox 1015 2209 1288 2290; x_wconf 89' lang='lat' dir='ltr'>delinquentibus</span> <span class='ocrx_word' id='word_1_125' title='bbox 1319 2207 1413 2288; x_wconf 91' lang='lat' dir='ltr'>peni-</span> 
     </span>
     <span class='ocr_line' id='line_1_19' title="bbox 210 2295 1415 2379; baseline 0 -23"><span class='ocrx_word' id='word_1_126' title='bbox 210 2296 355 2359; x_wconf 91' lang='lat' dir='ltr'>tentiam</span> <span class='ocrx_word' id='word_1_127' title='bbox 386 2296 525 2359; x_wconf 92' lang='lat' dir='ltr'>adhibes</span> <span class='ocrx_word' id='word_1_128' title='bbox 542 2345 549 2359; x_wconf 93' lang='lat'><strong>.</strong></span> <span class='ocrx_word' id='word_1_129' title='bbox 566 2298 647 2360; x_wconf 93' lang='lat' dir='ltr'>dum</span> <span class='ocrx_word' id='word_1_130' title='bbox 679 2296 780 2360; x_wconf 88' lang='lat' dir='ltr'>etiam</span> <span class='ocrx_word' id='word_1_131' title='bbox 813 2297 910 2361; x_wconf 88' lang='lat' dir='ltr'>malis</span> <span class='ocrx_word' id='word_1_132' title='bbox 945 2297 1177 2379; x_wconf 87' lang='lat' dir='ltr'>prouidentiae</span> <span class='ocrx_word' id='word_1_133' title='bbox 1212 2305 1290 2359; x_wconf 92' lang='lat' dir='ltr'>tuae</span> <span class='ocrx_word' id='word_1_134' title='bbox 1325 2295 1415 2357; x_wconf 91' lang='lat' dir='ltr'>dona</span> 
     </span>
     <span class='ocr_line' id='line_1_20' title="bbox 211 2381 1413 2466; baseline -0.001 -23"><span class='ocrx_word' id='word_1_135' title='bbox 211 2402 279 2444; x_wconf 92' lang='lat' dir='ltr'>non</span> <span class='ocrx_word' id='word_1_136' title='bbox 310 2382 552 2447; x_wconf 87' lang='lat' dir='ltr'>subtrahis.et</span> <span class='ocrx_word' id='word_1_137' title='bbox 582 2384 767 2447; x_wconf 91' lang='lat' dir='ltr'>uindictam</span> <span class='ocrx_word' id='word_1_138' title='bbox 799 2386 987 2448; x_wconf 90' lang='lat' dir='ltr'>miserendo</span> <span class='ocrx_word' id='word_1_139' title='bbox 1012 2384 1190 2466; x_wconf 90' lang='lat' dir='ltr'>suspendis</span> <span class='ocrx_word' id='word_1_140' title='bbox 1207 2434 1214 2446; x_wconf 88' lang='lat'><em>.</em></span> <span class='ocrx_word' id='word_1_141' title='bbox 1231 2382 1325 2444; x_wconf 91' lang='lat' dir='ltr'>Deus</span> <span class='ocrx_word' id='word_1_142' title='bbox 1356 2381 1413 2461; x_wconf 94' lang='lat' dir='ltr'>qui</span> 
     </span>
     <span class='ocr_line' id='line_1_21' title="bbox 211 2468 1414 2535; baseline 0.001 -5"><span class='ocrx_word' id='word_1_143' title='bbox 211 2468 382 2533; x_wconf 92' lang='lat' dir='ltr'>hominem</span> <span class='ocrx_word' id='word_1_144' title='bbox 421 2470 547 2533; x_wconf 87' lang='lat' dir='ltr'>inuidia</span> <span class='ocrx_word' id='word_1_145' title='bbox 585 2470 710 2533; x_wconf 92' lang='lat' dir='ltr'>diaboli</span> <span class='ocrx_word' id='word_1_146' title='bbox 743 2471 786 2534; x_wconf 87' lang='lat' dir='ltr'>ab</span> <span class='ocrx_word' id='word_1_147' title='bbox 820 2471 998 2535; x_wconf 88' lang='lat' dir='ltr'>eternitate</span> <span class='ocrx_word' id='word_1_148' title='bbox 1036 2473 1203 2535; x_wconf 91' lang='lat' dir='ltr'>deiectum</span> <span class='ocrx_word' id='word_1_149' title='bbox 1242 2469 1330 2531; x_wconf 91' lang='lat' dir='ltr'>unici</span> <span class='ocrx_word' id='word_1_150' title='bbox 1365 2469 1414 2531; x_wconf 92' lang='lat' dir='ltr'>tui</span> 
     </span>
     <span class='ocr_line' id='line_1_22' title="bbox 211 2557 1412 2642; baseline -0.001 -24"><span class='ocrx_word' id='word_1_151' title='bbox 211 2558 376 2638; x_wconf 87' lang='lat' dir='ltr'>sanguine</span> <span class='ocrx_word' id='word_1_152' title='bbox 399 2557 569 2620; x_wconf 88' lang='lat' dir='ltr'>redemisti</span> <span class='ocrx_word' id='word_1_153' title='bbox 587 2608 593 2621; x_wconf 95' lang='lat'>.</span> <span class='ocrx_word' id='word_1_154' title='bbox 611 2558 745 2621; x_wconf 89' lang='lat' dir='ltr'>uiuifica</span> <span class='ocrx_word' id='word_1_155' title='bbox 768 2579 853 2642; x_wconf 90' lang='lat' dir='ltr'>quos</span> <span class='ocrx_word' id='word_1_156' title='bbox 884 2561 968 2622; x_wconf 91' lang='lat' dir='ltr'>mori</span> <span class='ocrx_word' id='word_1_157' title='bbox 992 2578 1059 2621; x_wconf 92' lang='lat' dir='ltr'>non</span> <span class='ocrx_word' id='word_1_158' title='bbox 1083 2560 1157 2621; x_wconf 91' lang='lat' dir='ltr'>uis.</span> <span class='ocrx_word' id='word_1_159' title='bbox 1181 2566 1215 2620; x_wconf 88' lang='lat' dir='ltr'>et</span> <span class='ocrx_word' id='word_1_160' title='bbox 1238 2576 1322 2639; x_wconf 92' lang='lat' dir='ltr'>quos</span> <span class='ocrx_word' id='word_1_161' title='bbox 1346 2575 1412 2618; x_wconf 92' lang='lat' dir='ltr'>non</span> 
     </span>
     <span class='ocr_line' id='line_1_23' title="bbox 210 2644 1412 2728; baseline 0 -22"><span class='ocrx_word' id='word_1_162' title='bbox 210 2644 368 2727; x_wconf 91' lang='lat' dir='ltr'>relinquis</span> <span class='ocrx_word' id='word_1_163' title='bbox 404 2646 521 2709; x_wconf 90' lang='lat' dir='ltr'>deuios</span> <span class='ocrx_word' id='word_1_164' title='bbox 539 2695 545 2709; x_wconf 91' lang='lat'><strong>.</strong></span> <span class='ocrx_word' id='word_1_165' title='bbox 562 2666 696 2709; x_wconf 90' lang='lat' dir='ltr'>assume</span> <span class='ocrx_word' id='word_1_166' title='bbox 728 2658 918 2711; x_wconf 88' lang='lat' dir='ltr'>correctos.</span> <span class='ocrx_word' id='word_1_167' title='bbox 941 2647 1081 2710; x_wconf 91' lang='lat' dir='ltr'>Moueat</span> <span class='ocrx_word' id='word_1_168' title='bbox 1119 2645 1280 2728; x_wconf 91' lang='lat' dir='ltr'>pietatem</span> <span class='ocrx_word' id='word_1_169' title='bbox 1319 2654 1412 2706; x_wconf 93' lang='lat' dir='ltr'>tuam</span> 
     </span>
     <span class='ocr_line' id='line_1_24' title="bbox 211 2731 1415 2815; baseline 0 -22"><span class='ocrx_word' id='word_1_170' title='bbox 211 2731 310 2794; x_wconf 88' lang='lat' dir='ltr'>fletus</span> <span class='ocrx_word' id='word_1_171' title='bbox 338 2733 411 2815; x_wconf 93' lang='lat' dir='ltr'>ipse</span> <span class='ocrx_word' id='word_1_172' title='bbox 435 2733 654 2796; x_wconf 90' lang='lat' dir='ltr'>miserorum.</span> <span class='ocrx_word' id='word_1_173' title='bbox 672 2742 829 2797; x_wconf 89' lang='lat' dir='ltr'>tuorum.</span> <span class='ocrx_word' id='word_1_174' title='bbox 848 2737 983 2798; x_wconf 90' lang='lat' dir='ltr'>medere</span> <span class='ocrx_word' id='word_1_175' title='bbox 1013 2732 1230 2815; x_wconf 88' lang='lat' dir='ltr'>languoribus</span> <span class='ocrx_word' id='word_1_176' title='bbox 1247 2781 1254 2795; x_wconf 93' lang='lat'><strong>.</strong></span> <span class='ocrx_word' id='word_1_177' title='bbox 1271 2731 1323 2794; x_wconf 94' lang='lat' dir='ltr'>Tu</span> <span class='ocrx_word' id='word_1_178' title='bbox 1358 2731 1415 2793; x_wconf 90' lang='lat' dir='ltr'>be·</span> 
     </span>
     <span class='ocr_line' id='line_1_25' title="bbox 211 2818 1415 2904; baseline 0 -24"><span class='ocrx_word' id='word_1_179' title='bbox 211 2819 348 2900; x_wconf 84' lang='lat' dir='ltr'>nignam</span> <span class='ocrx_word' id='word_1_180' title='bbox 371 2819 557 2883; x_wconf 87' lang='lat' dir='ltr'>iacentibus</span> <span class='ocrx_word' id='word_1_181' title='bbox 581 2841 718 2883; x_wconf 92' lang='lat' dir='ltr'>manum</span> <span class='ocrx_word' id='word_1_182' title='bbox 739 2821 872 2904; x_wconf 84' lang='lat' dir='ltr'>porrige</span> <span class='ocrx_word' id='word_1_183' title='bbox 889 2843 952 2886; x_wconf 82' lang='lat' dir='ltr'>,ne</span> <span class='ocrx_word' id='word_1_184' title='bbox 973 2821 1095 2884; x_wconf 91' lang='lat' dir='ltr'>eclesia</span> <span class='ocrx_word' id='word_1_185' title='bbox 1115 2831 1174 2883; x_wconf 94' lang='lat' dir='ltr'>tua</span> <span class='ocrx_word' id='word_1_186' title='bbox 1197 2819 1249 2882; x_wconf 92' lang='lat' dir='ltr'>sui</span> <span class='ocrx_word' id='word_1_187' title='bbox 1266 2818 1415 2900; x_wconf 89' lang='lat' dir='ltr'>corporis</span> 
     </span>
     <span class='ocr_line' id='line_1_26' title="bbox 211 2907 1415 2992; baseline 0.001 -24"><span class='ocrx_word' id='word_1_188' title='bbox 211 2907 364 2987; x_wconf 91' lang='lat' dir='ltr'>portione</span> <span class='ocrx_word' id='word_1_189' title='bbox 387 2907 541 2988; x_wconf 91' lang='lat' dir='ltr'>priuata.</span> <span class='ocrx_word' id='word_1_190' title='bbox 558 2916 763 2971; x_wconf 90' lang='lat' dir='ltr'>temeretur.</span> <span class='ocrx_word' id='word_1_191' title='bbox 780 2929 822 2972; x_wconf 93' lang='lat' dir='ltr'>ne</span> <span class='ocrx_word' id='word_1_192' title='bbox 845 2929 930 2992; x_wconf 84' lang='lat' dir='ltr'>grex</span> <span class='ocrx_word' id='word_1_193' title='bbox 954 2919 1032 2972; x_wconf 94' lang='lat' dir='ltr'>tuus</span> <span class='ocrx_word' id='word_1_194' title='bbox 1053 2909 1293 2971; x_wconf 87' lang='lat' dir='ltr'>detrimentum</span> <span class='ocrx_word' id='word_1_195' title='bbox 1315 2907 1415 2969; x_wconf 91' lang='lat' dir='ltr'>susti-</span> 
     </span>
     <span class='ocr_line' id='line_1_27' title="bbox 211 2993 1414 3077; baseline 0.001 -23"><span class='ocrx_word' id='word_1_196' title='bbox 211 3002 311 3058; x_wconf 90' lang='lat' dir='ltr'>neat.</span> <span class='ocrx_word' id='word_1_197' title='bbox 329 3014 370 3057; x_wconf 91' lang='lat' dir='ltr'>ne</span> <span class='ocrx_word' id='word_1_198' title='bbox 389 2995 432 3057; x_wconf 94' lang='lat' dir='ltr'>de</span> <span class='ocrx_word' id='word_1_199' title='bbox 455 2993 600 3057; x_wconf 82' lang='lat' dir='ltr'>familiae</span> <span class='ocrx_word' id='word_1_200' title='bbox 621 3003 678 3071; x_wconf 86' lang='lat' dir='ltr'>tue</span> <span class='ocrx_word' id='word_1_201' title='bbox 701 2995 851 3077; x_wconf 86' lang='lat' dir='ltr'>dampno</span> <span class='ocrx_word' id='word_1_202' title='bbox 874 2999 1027 3060; x_wconf 92' lang='lat' dir='ltr'>inimicus</span> <span class='ocrx_word' id='word_1_203' title='bbox 1045 2995 1199 3059; x_wconf 88' lang='lat' dir='ltr'>exultet.</span> <span class='ocrx_word' id='word_1_204' title='bbox 1217 3014 1259 3056; x_wconf 93' lang='lat' dir='ltr'>ne</span> <span class='ocrx_word' id='word_1_205' title='bbox 1282 3003 1414 3056; x_wconf 88' lang='lat' dir='ltr'>renatas</span> 
     </span>
     <span class='ocr_line' id='line_1_28' title="bbox 211 3079 1415 3166; baseline 0.002 -25"><span class='ocrx_word' id='word_1_206' title='bbox 211 3079 352 3144; x_wconf 88' lang='lat' dir='ltr'>lauacris</span> <span class='ocrx_word' id='word_1_207' title='bbox 369 3080 570 3144; x_wconf 87' lang='lat' dir='ltr'>salutaribus</span> <span class='ocrx_word' id='word_1_208' title='bbox 585 3083 716 3144; x_wconf 92' lang='lat' dir='ltr'>animas</span> <span class='ocrx_word' id='word_1_209' title='bbox 736 3103 825 3146; x_wconf 94' lang='lat' dir='ltr'>mors</span> <span class='ocrx_word' id='word_1_210' title='bbox 841 3085 990 3147; x_wconf 90' lang='lat' dir='ltr'>secunda</span> <span class='ocrx_word' id='word_1_211' title='bbox 1011 3083 1199 3166; x_wconf 91' lang='lat' dir='ltr'>possideat.</span> <span class='ocrx_word' id='word_1_212' title='bbox 1213 3082 1291 3144; x_wconf 87' lang='lat' dir='ltr'>Tibi</span> <span class='ocrx_word' id='word_1_213' title='bbox 1315 3082 1415 3163; x_wconf 88' lang='lat' dir='ltr'>igitur</span> 
     </span>
     <span class='ocr_line' id='line_1_29' title="bbox 210 3166 1412 3253; baseline 0.002 -24"><span class='ocrx_word' id='word_1_214' title='bbox 210 3167 426 3230; x_wconf 89' lang='lat' dir='ltr'>humiliamur</span> <span class='ocrx_word' id='word_1_215' title='bbox 463 3188 580 3232; x_wconf 90' lang='lat' dir='ltr'>omnes</span> <span class='ocrx_word' id='word_1_216' title='bbox 604 3218 611 3233; x_wconf 91' lang='lat'><strong>.</strong></span> <span class='ocrx_word' id='word_1_217' title='bbox 635 3170 697 3233; x_wconf 91' lang='lat' dir='ltr'>tibi</span> <span class='ocrx_word' id='word_1_218' title='bbox 735 3171 904 3253; x_wconf 90' lang='lat' dir='ltr'>supplices</span> <span class='ocrx_word' id='word_1_219' title='bbox 942 3171 1113 3234; x_wconf 81' lang='lat' dir='ltr'>fundimus</span> <span class='ocrx_word' id='word_1_220' title='bbox 1151 3188 1265 3252; x_wconf 91' lang='lat' dir='ltr'>preces</span> <span class='ocrx_word' id='word_1_221' title='bbox 1296 3166 1412 3231; x_wconf 87' lang='lat' dir='ltr'>fletum</span> 
     </span>
     <span class='ocr_line' id='line_1_30' title="bbox 208 3253 1412 3340; baseline 0 -22"><span class='ocrx_word' id='word_1_222' title='bbox 208 3255 320 3318; x_wconf 92' lang='lat' dir='ltr'>cordis</span> <span class='ocrx_word' id='word_1_223' title='bbox 343 3253 514 3319; x_wconf 85' lang='lat' dir='ltr'>offerimus</span> <span class='ocrx_word' id='word_1_224' title='bbox 530 3305 536 3320; x_wconf 89' lang='lat'>.</span> <span class='ocrx_word' id='word_1_225' title='bbox 554 3254 621 3340; x_wconf 59' lang='lat' dir='ltr'>(Tu</span> <span class='ocrx_word' id='word_1_226' title='bbox 644 3277 742 3338; x_wconf 87' lang='lat' dir='ltr'>parce</span> <span class='ocrx_word' id='word_1_227' title='bbox 765 3258 927 3321; x_wconf 87' lang='lat' dir='ltr'>confessis</span> <span class='ocrx_word' id='word_1_228' title='bbox 944 3269 998 3321; x_wconf 88' lang='lat' dir='ltr'>.et</span> <span class='ocrx_word' id='word_1_229' title='bbox 1022 3258 1226 3321; x_wconf 90' lang='lat' dir='ltr'>inminentes</span> <span class='ocrx_word' id='word_1_230' title='bbox 1250 3256 1318 3339; x_wconf 81' lang='lat' dir='ltr'>[iol.</span> <span class='ocrx_word' id='word_1_231' title='bbox 1340 3271 1412 3338; x_wconf 90' lang='lat' dir='ltr'>79v.</span> 
     </span>
     <span class='ocr_line' id='line_1_31' title="bbox 211 3339 1413 3424; baseline 0.001 -20"><span class='ocrx_word' id='word_1_232' title='bbox 211 3363 336 3423; x_wconf 88' lang='lat' dir='ltr'>poenas</span> <span class='ocrx_word' id='word_1_233' title='bbox 354 3339 523 3424; x_wconf 85' lang='lat' dir='ltr'>futurique</span> <span class='ocrx_word' id='word_1_234' title='bbox 546 3344 659 3406; x_wconf 93' lang='lat' dir='ltr'>iudicii</span> <span class='ocrx_word' id='word_1_235' title='bbox 680 3346 883 3409; x_wconf 89' lang='lat' dir='ltr'>sententiam</span> <span class='ocrx_word' id='word_1_236' title='bbox 902 3356 937 3408; x_wconf 88' lang='lat' dir='ltr'>te</span> <span class='ocrx_word' id='word_1_237' title='bbox 956 3347 1135 3408; x_wconf 90' lang='lat' dir='ltr'>miseraute</span> <span class='ocrx_word' id='word_1_238' title='bbox 1156 3364 1223 3407; x_wconf 91' lang='lat' dir='ltr'>non</span> <span class='ocrx_word' id='word_1_239' title='bbox 1242 3344 1413 3407; x_wconf 89' lang='lat' dir='ltr'>incidant.</span> 
     </span>
     <span class='ocr_line' id='line_1_32' title="bbox 211 3430 1413 3514; baseline 0.002 -22"><span class='ocrx_word' id='word_1_240' title='bbox 211 3430 373 3492; x_wconf 88' lang='lat' dir='ltr'>Nesciant</span> <span class='ocrx_word' id='word_1_241' title='bbox 396 3431 487 3512; x_wconf 93' lang='lat' dir='ltr'>quod</span> <span class='ocrx_word' id='word_1_242' title='bbox 511 3439 612 3494; x_wconf 89' lang='lat' dir='ltr'>terret</span> <span class='ocrx_word' id='word_1_243' title='bbox 635 3432 668 3493; x_wconf 91' lang='lat' dir='ltr'>in</span> <span class='ocrx_word' id='word_1_244' title='bbox 691 3433 862 3495; x_wconf 91' lang='lat' dir='ltr'>tenebris.</span> <span class='ocrx_word' id='word_1_245' title='bbox 879 3434 969 3514; x_wconf 94' lang='lat' dir='ltr'>quod</span> <span class='ocrx_word' id='word_1_246' title='bbox 997 3434 1117 3498; x_wconf 89' lang='lat' dir='ltr'>stridet</span> <span class='ocrx_word' id='word_1_247' title='bbox 1138 3433 1171 3495; x_wconf 92' lang='lat' dir='ltr'>in</span> <span class='ocrx_word' id='word_1_248' title='bbox 1194 3431 1339 3493; x_wconf 89' lang='lat' dir='ltr'>flammis</span> <span class='ocrx_word' id='word_1_249' title='bbox 1354 3480 1361 3493; x_wconf 94' lang='lat'><strong>.</strong></span> <span class='ocrx_word' id='word_1_250' title='bbox 1378 3439 1413 3494; x_wconf 91' lang='lat' dir='ltr'>et</span> 
     </span>
     <span class='ocr_line' id='line_1_33' title="bbox 208 3517 1413 3601; baseline 0.002 -23"><span class='ocrx_word' id='word_1_251' title='bbox 208 3517 254 3580; x_wconf 93' lang='lat' dir='ltr'>ab</span> <span class='ocrx_word' id='word_1_252' title='bbox 277 3537 424 3581; x_wconf 92' lang='lat' dir='ltr'>errorum</span> <span class='ocrx_word' id='word_1_253' title='bbox 449 3517 504 3580; x_wconf 93' lang='lat' dir='ltr'>uia</span> <span class='ocrx_word' id='word_1_254' title='bbox 527 3518 569 3580; x_wconf 90' lang='lat' dir='ltr'>ad</span> <span class='ocrx_word' id='word_1_255' title='bbox 594 3518 657 3581; x_wconf 90' lang='lat' dir='ltr'>iter</span> <span class='ocrx_word' id='word_1_256' title='bbox 679 3519 827 3583; x_wconf 90' lang='lat' dir='ltr'>iustitiae</span> <span class='ocrx_word' id='word_1_257' title='bbox 850 3521 917 3582; x_wconf 91' lang='lat' dir='ltr'>iam</span> <span class='ocrx_word' id='word_1_258' title='bbox 941 3521 1064 3583; x_wconf 91' lang='lat' dir='ltr'>reuersi</span> <span class='ocrx_word' id='word_1_259' title='bbox 1088 3538 1301 3601; x_wconf 86' lang='lat' dir='ltr'>nequaquam</span> <span class='ocrx_word' id='word_1_260' title='bbox 1325 3518 1413 3582; x_wconf 93' lang='lat' dir='ltr'>ultra</span> 
     </span>
     <span class='ocr_line' id='line_1_34' title="bbox 210 3604 1412 3690; baseline 0.001 -24"><span class='ocrx_word' id='word_1_261' title='bbox 210 3604 306 3666; x_wconf 90' lang='lat' dir='ltr'>nouis</span> <span class='ocrx_word' id='word_1_262' title='bbox 329 3604 524 3667; x_wconf 93' lang='lat' dir='ltr'>uulneribus</span> <span class='ocrx_word' id='word_1_263' title='bbox 552 3606 766 3671; x_wconf 88' lang='lat' dir='ltr'>saucientur.</span> <span class='ocrx_word' id='word_1_264' title='bbox 784 3606 969 3689; x_wconf 91' lang='lat' dir='ltr'>Propitiare</span> <span class='ocrx_word' id='word_1_265' title='bbox 993 3628 1074 3690; x_wconf 86' lang='lat' dir='ltr'>ergo</span> <span class='ocrx_word' id='word_1_266' title='bbox 1103 3607 1325 3670; x_wconf 89' lang='lat' dir='ltr'>trementibus</span> <span class='ocrx_word' id='word_1_267' title='bbox 1349 3606 1412 3668; x_wconf 91' lang='lat' dir='ltr'>sub</span> 
     </span>
     <span class='ocr_line' id='line_1_35' title="bbox 209 3692 1410 3776; baseline 0.003 -24"><span class='ocrx_word' id='word_1_268' title='bbox 209 3692 376 3768; x_wconf 77' lang='lat' dir='ltr'>sententie</span> <span class='ocrx_word' id='word_1_269' title='bbox 413 3700 491 3754; x_wconf 92' lang='lat' dir='ltr'>tuae</span> <span class='ocrx_word' id='word_1_270' title='bbox 523 3694 785 3774; x_wconf 89' lang='lat' dir='ltr'>expectatione.</span> <span class='ocrx_word' id='word_1_271' title='bbox 803 3693 1031 3776; x_wconf 78' lang='lat' dir='ltr'>supplicibus,</span> <span class='ocrx_word' id='word_1_272' title='bbox 1049 3703 1082 3758; x_wconf 90' lang='lat' dir='ltr'>et</span> <span class='ocrx_word' id='word_1_273' title='bbox 1113 3695 1156 3757; x_wconf 91' lang='lat' dir='ltr'>ad</span> <span class='ocrx_word' id='word_1_274' title='bbox 1187 3692 1410 3756; x_wconf 90' lang='lat' dir='ltr'>humilitatem</span> 
     </span>
     <span class='ocr_line' id='line_1_36' title="bbox 210 3778 1412 3862; baseline 0.002 -23"><span class='ocrx_word' id='word_1_275' title='bbox 210 3778 389 3841; x_wconf 88' lang='lat' dir='ltr'>iacentium</span> <span class='ocrx_word' id='word_1_276' title='bbox 424 3778 666 3843; x_wconf 90' lang='lat' dir='ltr'>subleuandam</span> <span class='ocrx_word' id='word_1_277' title='bbox 704 3781 881 3844; x_wconf 90' lang='lat' dir='ltr'>dexteram</span> <span class='ocrx_word' id='word_1_278' title='bbox 913 3782 1030 3845; x_wconf 91' lang='lat' dir='ltr'>salutis</span> <span class='ocrx_word' id='word_1_279' title='bbox 1059 3781 1231 3845; x_wconf 90' lang='lat' dir='ltr'>extende.</span> <span class='ocrx_word' id='word_1_280' title='bbox 1248 3781 1412 3862; x_wconf 93' lang='lat' dir='ltr'>nobisque</span> 
     </span>
     <span class='ocr_line' id='line_1_37' title="bbox 206 3864 1412 3948; baseline 0.002 -21"><span class='ocrx_word' id='word_1_281' title='bbox 206 3865 313 3927; x_wconf 91' lang='lat' dir='ltr'>seruis</span> <span class='ocrx_word' id='word_1_282' title='bbox 333 3864 400 3929; x_wconf 92' lang='lat' dir='ltr'>tuis</span> <span class='ocrx_word' id='word_1_283' title='bbox 422 3885 506 3946; x_wconf 94' lang='lat' dir='ltr'>quos</span> <span class='ocrx_word' id='word_1_284' title='bbox 531 3866 734 3948; x_wconf 90' lang='lat' dir='ltr'>apostolicae</span> <span class='ocrx_word' id='word_1_285' title='bbox 760 3866 864 3931; x_wconf 86' lang='lat' dir='ltr'>clauis</span> <span class='ocrx_word' id='word_1_286' title='bbox 885 3868 1101 3934; x_wconf 91' lang='lat' dir='ltr'>sacerdotalis</span> <span class='ocrx_word' id='word_1_287' title='bbox 1120 3867 1219 3930; x_wconf 89' lang='lat' dir='ltr'>officii</span> <span class='ocrx_word' id='word_1_288' title='bbox 1243 3869 1412 3930; x_wconf 92' lang='lat' dir='ltr'>ministros</span> 
     </span>
     <span class='ocr_line' id='line_1_38' title="bbox 208 3951 1413 4038; baseline 0.003 -25"><span class='ocrx_word' id='word_1_289' title='bbox 208 3971 277 4014; x_wconf 93' lang='lat' dir='ltr'>non</span> <span class='ocrx_word' id='word_1_290' title='bbox 310 3951 472 4015; x_wconf 91' lang='lat' dir='ltr'>electione</span> <span class='ocrx_word' id='word_1_291' title='bbox 505 3953 612 4017; x_wconf 93' lang='lat' dir='ltr'>meriti</span> <span class='ocrx_word' id='word_1_292' title='bbox 647 3955 705 4018; x_wconf 87' lang='lat' dir='ltr'>sed</span> <span class='ocrx_word' id='word_1_293' title='bbox 740 3955 830 4018; x_wconf 93' lang='lat' dir='ltr'>dono</span> <span class='ocrx_word' id='word_1_294' title='bbox 868 3957 975 4038; x_wconf 85' lang='lat' dir='ltr'>gratie</span> <span class='ocrx_word' id='word_1_295' title='bbox 1013 3967 1091 4020; x_wconf 91' lang='lat' dir='ltr'>tuae</span> <span class='ocrx_word' id='word_1_296' title='bbox 1128 3956 1329 4019; x_wconf 91' lang='lat' dir='ltr'>constituisti</span> <span class='ocrx_word' id='word_1_297' title='bbox 1344 4005 1351 4017; x_wconf 91' lang='grc'><strong>.</strong></span> <span class='ocrx_word' id='word_1_298' title='bbox 1368 3957 1413 4018; x_wconf 93' lang='lat' dir='ltr'>da</span> 
     </span>
     <span class='ocr_line' id='line_1_39' title="bbox 208 4036 1412 4126; baseline 0.003 -26"><span class='ocrx_word' id='word_1_299' title='bbox 208 4036 365 4101; x_wconf 85' lang='lat' dir='ltr'>fiduciam</span> <span class='ocrx_word' id='word_1_300' title='bbox 400 4040 485 4102; x_wconf 91' lang='lat' dir='ltr'>tanti</span> <span class='ocrx_word' id='word_1_301' title='bbox 518 4041 663 4104; x_wconf 89' lang='lat' dir='ltr'>muneris</span> <span class='ocrx_word' id='word_1_302' title='bbox 693 4042 883 4124; x_wconf 89' lang='lat' dir='ltr'>exequendi</span> <span class='ocrx_word' id='word_1_303' title='bbox 899 4093 906 4108; x_wconf 93' lang='lat'><strong>.</strong></span> <span class='ocrx_word' id='word_1_304' title='bbox 922 4054 956 4108; x_wconf 93' lang='lat' dir='ltr'>et</span> <span class='ocrx_word' id='word_1_305' title='bbox 986 4045 1058 4126; x_wconf 90' lang='lat' dir='ltr'>ipse</span> <span class='ocrx_word' id='word_1_306' title='bbox 1088 4044 1121 4105; x_wconf 92' lang='lat' dir='ltr'>in</span> <span class='ocrx_word' id='word_1_307' title='bbox 1153 4052 1267 4105; x_wconf 92' lang='lat' dir='ltr'>nostro</span> <span class='ocrx_word' id='word_1_308' title='bbox 1298 4043 1412 4105; x_wconf 91' lang='lat' dir='ltr'>minis·</span> 
     </span>
     <span class='ocr_line' id='line_1_40' title="bbox 208 4127 1412 4212; baseline 0.003 -25"><span class='ocrx_word' id='word_1_309' title='bbox 208 4127 291 4188; x_wconf 87' lang='lat' dir='ltr'>terio</span> <span class='ocrx_word' id='word_1_310' title='bbox 312 4129 404 4208; x_wconf 93' lang='lat' dir='ltr'>quod</span> <span class='ocrx_word' id='word_1_311' title='bbox 425 4135 503 4189; x_wconf 92' lang='lat' dir='ltr'>tuae</span> <span class='ocrx_word' id='word_1_312' title='bbox 518 4136 569 4190; x_wconf 92' lang='lat' dir='ltr'>est</span> <span class='ocrx_word' id='word_1_313' title='bbox 592 4129 770 4210; x_wconf 91' lang='lat' dir='ltr'>potestatis</span> <span class='ocrx_word' id='word_1_314' title='bbox 786 4149 924 4211; x_wconf 88' lang='lat' dir='ltr'>operare</span> <span class='ocrx_word' id='word_1_315' title='bbox 940 4181 947 4195; x_wconf 91' lang='lat'><em>.</em></span> <span class='ocrx_word' id='word_1_316' title='bbox 965 4131 1125 4211; x_wconf 88' lang='lat' dir='ltr'>Agnosce</span> <span class='ocrx_word' id='word_1_317' title='bbox 1144 4131 1293 4212; x_wconf 82' lang='lat' dir='ltr'>piissime</span> <span class='ocrx_word' id='word_1_318' title='bbox 1315 4139 1412 4211; x_wconf 93' lang='lat' dir='ltr'>pater</span> 
     </span>
     <span class='ocr_line' id='line_1_41' title="bbox 206 4213 1410 4299; baseline 0.005 -25"><span class='ocrx_word' id='word_1_319' title='bbox 206 4232 289 4275; x_wconf 92' lang='lat' dir='ltr'>oues</span> <span class='ocrx_word' id='word_1_320' title='bbox 319 4223 397 4276; x_wconf 91' lang='lat' dir='ltr'>tuae</span> <span class='ocrx_word' id='word_1_321' title='bbox 427 4213 689 4298; x_wconf 90' lang='lat' dir='ltr'>redemptionis.</span> <span class='ocrx_word' id='word_1_322' title='bbox 706 4226 740 4280; x_wconf 91' lang='lat' dir='ltr'>et</span> <span class='ocrx_word' id='word_1_323' title='bbox 770 4217 969 4281; x_wconf 91' lang='lat' dir='ltr'>constrictos</span> <span class='ocrx_word' id='word_1_324' title='bbox 999 4217 1139 4281; x_wconf 92' lang='lat' dir='ltr'>uinculis</span> <span class='ocrx_word' id='word_1_325' title='bbox 1173 4227 1410 4299; x_wconf 89' lang='lat' dir='ltr'>peccatorum.</span> 
     </span>
     <span class='ocr_line' id='line_1_42' title="bbox 205 4299 1409 4382; baseline 0.005 -22"><span class='ocrx_word' id='word_1_326' title='bbox 205 4299 346 4376; x_wconf 76' lang='lat' dir='ltr'>ecclesie</span> <span class='ocrx_word' id='word_1_327' title='bbox 369 4309 447 4364; x_wconf 88' lang='lat' dir='ltr'>tuae</span> <span class='ocrx_word' id='word_1_328' title='bbox 470 4301 622 4382; x_wconf 90' lang='lat' dir='ltr'>precibus</span> <span class='ocrx_word' id='word_1_329' title='bbox 646 4312 805 4368; x_wconf 87' lang='lat' dir='ltr'>exoratus</span> <span class='ocrx_word' id='word_1_330' title='bbox 832 4304 970 4368; x_wconf 90' lang='lat' dir='ltr'>absolue</span> <span class='ocrx_word' id='word_1_331' title='bbox 986 4354 994 4370; x_wconf 86' lang='lat'><strong>.</strong></span> <span class='ocrx_word' id='word_1_332' title='bbox 1010 4307 1148 4368; x_wconf 88' lang='lat' dir='ltr'>redeant</span> <span class='ocrx_word' id='word_1_333' title='bbox 1175 4306 1217 4368; x_wconf 93' lang='lat' dir='ltr'>ad</span> <span class='ocrx_word' id='word_1_334' title='bbox 1246 4305 1409 4367; x_wconf 90' lang='lat' dir='ltr'>unitatem</span> 
     </span>
     <span class='ocr_line' id='line_1_43' title="bbox 207 4385 1410 4477; baseline 0.005 -30"><span class='ocrx_word' id='word_1_335' title='bbox 207 4385 333 4463; x_wconf 81' lang='lat' dir='ltr'>familie</span> <span class='ocrx_word' id='word_1_336' title='bbox 356 4394 456 4452; x_wconf 90' lang='lat' dir='ltr'>tuae.</span> <span class='ocrx_word' id='word_1_337' title='bbox 473 4399 507 4450; x_wconf 91' lang='lat' dir='ltr'>et</span> <span class='ocrx_word' id='word_1_338' title='bbox 526 4398 604 4469; x_wconf 90' lang='lat' dir='ltr'>post</span> <span class='ocrx_word' id='word_1_339' title='bbox 622 4388 713 4452; x_wconf 90' lang='lat' dir='ltr'>illam</span> <span class='ocrx_word' id='word_1_340' title='bbox 734 4391 840 4453; x_wconf 90' lang='lat' dir='ltr'>diram</span> <span class='ocrx_word' id='word_1_341' title='bbox 864 4393 972 4475; x_wconf 92' lang='lat' dir='ltr'>inopis</span> <span class='ocrx_word' id='word_1_342' title='bbox 993 4390 1100 4475; x_wconf 72' lang='lat' dir='ltr'>sexilii</span> <span class='ocrx_word' id='word_1_343' title='bbox 1122 4392 1245 4454; x_wconf 81' lang='lat' dir='ltr'>famem</span> <span class='ocrx_word' id='word_1_344' title='bbox 1271 4387 1341 4477; x_wconf 87' lang='lat' dir='ltr'>[fol.</span> <span class='ocrx_word' id='word_1_345' title='bbox 1359 4392 1410 4460; x_wconf 88' lang='lat'>80.</span> 
     </span>
     <span class='ocr_line' id='line_1_44' title="bbox 205 4474 1410 4563; baseline 0.005 -30"><span class='ocrx_word' id='word_1_346' title='bbox 205 4474 338 4537; x_wconf 89' lang='lat' dir='ltr'>reddito</span> <span class='ocrx_word' id='word_1_347' title='bbox 361 4474 536 4555; x_wconf 79' lang='lat' dir='ltr'>splendide</span> <span class='ocrx_word' id='word_1_348' title='bbox 559 4477 662 4540; x_wconf 91' lang='lat' dir='ltr'>uestis</span> <span class='ocrx_word' id='word_1_349' title='bbox 685 4487 805 4540; x_wconf 92' lang='lat' dir='ltr'>ornatu</span> <span class='ocrx_word' id='word_1_350' title='bbox 833 4480 1004 4560; x_wconf 85' lang='lat' dir='ltr'>gaudeant</span> <span class='ocrx_word' id='word_1_351' title='bbox 1030 4500 1066 4543; x_wconf 92' lang='lat' dir='ltr'>se</span> <span class='ocrx_word' id='word_1_352' title='bbox 1093 4490 1233 4563; x_wconf 88' lang='lat' dir='ltr'>paterno</span> <span class='ocrx_word' id='word_1_353' title='bbox 1261 4491 1410 4559; x_wconf 89' lang='lat' dir='ltr'>receptos</span> 
     </span>
    </p>
   </div>
   <div class='ocr_carea' id='block_1_6' title="bbox 0 0 1692 5250">
    <p class='ocr_par' dir='ltr' id='par_1_7' title="bbox 0 0 1692 5250">
     <span class='ocr_line' id='line_1_45' title="bbox 0 0 1692 5250; baseline 0 0"><span class='ocrx_word' id='word_1_354' title='bbox 0 0 1692 5250; x_wconf 95' lang='lat' dir='ltr'> </span> 
     </span>
    </p>
   </div>
  </div>
 </body>
</html>
