3375 5250
264 404 299 454 60
633 408 844 459 ABSOLUTIO
866 408 1111 458 PEll'ITENTIS.

266 587 340 630 esse
360 566 538 632 conuiuio.
555 565 650 630 Nihil
673 568 716 632 de
739 567 867 632 honore
889 568 1100 650 adoptionis.
1113 566 1198 631 nihil
1220 567 1264 631 de
1284 565 1483 629 hereditatis

268 664 358 717 sorte
391 655 557 737 perdant.
573 655 633 718 sed
666 656 834 738 integrum
864 657 909 719 sit
939 658 988 718 eis
1021 666 1124 739 atque
1152 664 1354 739 perpetuum
1386 654 1478 735 quod

267 741 376 823 gratia
413 752 472 805 tua
509 742 651 805 contulit
666 789 675 806 .
691 752 726 807 et
770 741 862 825 quod
912 743 1139 807 misericordia
1183 742 1402 805 reformauit.
1419 760 1481 823 per

268 829 444 891 dominum
468 839 619 893 nostrum
643 828 786 893 ihesum.

269 1042 337 1106 Hic
356 1042 507 1125 erigatur
528 1039 569 1105 de
587 1042 654 1104 solu
679 1038 899 1123 adpreloensus
924 1061 1024 1103 aranu
1049 1043 1183 1124 episcopi
1203 1054 1266 1125 per
1290 1043 1482 1107 dexteram.

615 1136 646 1191 et
667 1128 840 1191 inclinetur
860 1147 969 1190 coram
989 1128 1133 1211 episcope.

275 1270 410 1398 DEus
433 1266 645 1331 innocentiae
667 1266 839 1331 restitutor
862 1276 897 1331 et
927 1278 1081 1334 amator.
1096 1269 1155 1351 qui
1182 1270 1355 1351 quondam
1383 1267 1481 1329 nobis

383 1356 501 1419 dixisti
524 1374 585 1437 per
606 1354 921 1436 prophetam.uiuo
943 1374 1009 1436 ego
1024 1356 1107 1420 nolo
1131 1367 1274 1419 mortem
1295 1354 1481 1437 peccatoris

271 1445 329 1507 sed
360 1452 398 1507 ut
428 1442 536 1524 magis
566 1450 783 1505 conuertatur
813 1453 847 1505 et
878 1442 994 1505 uiuat.
1010 1452 1046 1506 et
1072 1442 1106 1505 in
1134 1442 1201 1506 alio
1227 1444 1302 1506 loco
1317 1492 1325 1505 .
1342 1444 1375 1503 in
1399 1461 1482 1523 qua-

270 1550 414 1613 cumque
444 1531 499 1592 die
528 1548 709 1591 conuersus
741 1527 840 1591 fuerit
874 1529 978 1591 homo
1011 1537 1190 1612 peccator.
1206 1531 1277 1593 uita
1314 1530 1407 1591 uiuet
1443 1536 1479 1591 et

271 1638 337 1681 non
376 1618 558 1680 morietur.
575 1624 610 1679 et
646 1616 703 1698 qui
741 1615 926 1678 secundum
964 1616 1176 1697 psalmistam
1210 1637 1268 1678 cor
1297 1614 1479 1679 contritum

269 1724 332 1787 pro
357 1704 502 1785 peccatis
528 1712 563 1766 et
588 1702 801 1765 humiliatum
827 1722 895 1765 non
925 1703 1077 1784 spernis.
1093 1706 1153 1766 sed
1184 1724 1245 1788 pro
1274 1702 1327 1765 his
1357 1704 1481 1765 contri-

273 1790 405 1855 bulatos
434 1789 599 1853 exaudis.
616 1798 650 1853 te
680 1788 835 1853 subnixis
870 1800 906 1853 et
935 1790 1130 1853 humillimis
1162 1803 1342 1854 exorantes
1376 1788 1481 1872 preci·

272 1880 335 1942 bus
366 1878 409 1940 de
447 1874 591 1940 nostris¹
626 1875 816 1940 diffidentes
856 1877 982 1940 meritis
1018 1888 1053 1941 et
1091 1879 1134 1939 de
1170 1879 1238 1942 tuis
1275 1875 1483 1940 confidentes

273 1964 562 2049 spromissionibus
578 2012 585 2029 .
602 1964 843 2046 deprecamur.
862 1972 898 2026 ut
935 1962 1013 2028 huic
1051 1964 1178 2027 famulo
1215 1976 1274 2030 tuo
1313 1960 1385 2050 [iol.
1409 1965 1482 2026 8ov.

273 2071 373 2135 quern
401 2072 421 2114 a
444 2050 566 2114 terreni
593 2052 691 2114 sorde
718 2050 868 2134 pulueris
894 2051 1075 2132 erigimus,
1093 2071 1231 2115 manum
1255 2050 1483 2126 misericordie

274 2151 352 2204 tuae
395 2138 569 2221 porrigas.
585 2157 730 2219 eumque
775 2138 819 2200 ab
863 2140 1014 2201 omnium
1063 2139 1218 2201 sordibus
1265 2149 1481 2221 peccatorum

274 2226 437 2290 mundum
462 2237 496 2289 et
523 2232 694 2288 extersum
722 2243 923 2287 conserues.
942 2224 1032 2288 Nam
1063 2236 1178 2288 nostra
1208 2225 1272 2287 hoc
1303 2227 1336 2287 in
1362 2226 1483 2287 eclesia

273 2322 434 2377 resonant
477 2312 633 2395 preconia
649 2356 657 2374 .
673 2312 764 2393 quod
807 2310 908 2375 beato
945 2320 1042 2393 petro
1079 2312 1233 2394 apostolo
1270 2322 1305 2375 et
1341 2312 1482 2394 principi

274 2399 484 2483 apostolatus
508 2399 612 2462 nostri
636 2395 843 2480 pontificium
868 2398 995 2480 ligandi
1019 2409 1119 2480 atque
1139 2398 1292 2462 soluendi
1314 2398 1482 2461 tradidisti

274 2506 402 2570 nosque
433 2496 469 2550 tu
497 2484 713 2567 dignissimus
744 2484 822 2548 licet
849 2484 1099 2566 indignissimos
1130 2506 1189 2569 per
1215 2505 1294 2547 suos
1324 2504 1486 2567 sequaces

275 2585 398 2657 tueque
429 2572 600 2650 uerissime
631 2571 781 2636 ueritatis
813 2590 974 2655 precones
1005 2572 1038 2635 in
1075 2572 1124 2637 tui
1154 2573 1264 2655 gregis
1294 2572 1481 2636 custodiam

274 2661 423 2724 eiusdem
447 2660 615 2742 ligaminis
638 2669 755 2722 contra
781 2671 858 2722 tuos
881 2660 1091 2723 aduersarios
1115 2661 1307 2722 astrictores
1322 2709 1330 2725 .
1347 2668 1381 2722 et
1404 2679 1482 2741 erga

274 2767 454 2812 conuersos
477 2756 648 2810 enectores
668 2745 827 2828 posuisti.
843 2746 988 2808 Proinde
1008 2756 1042 2810 te
1063 2766 1221 2828 rogamus
1241 2747 1378 2810 domine
1400 2747 1483 2809 deus

276 2847 411 2898 noster.
429 2833 485 2916 qui
524 2833 624 2914 lapsis
661 2842 697 2895 et
733 2834 909 2915 prostratis
943 2834 1047 2896 totius
1085 2833 1202 2897 mundi
1240 2833 1486 2916 conpaginibus

276 2921 442 2986 ueniendo
465 2939 653 2983 succurrere
676 2918 834 3001 dignatus
862 2939 897 2983 es
925 2921 1043 2984 adesto
1069 2920 1185 2985 officiis
1212 2923 1278 2984 oris
1305 2923 1409 2984 nostri
1427 2967 1433 2982 .
1449 2932 1484 2984 et

276 3008 354 3091 quia
388 3009 459 3071 sine
497 3016 554 3085 tue
591 3005 720 3069 auxilio
758 3005 894 3088 pietatis
932 3007 1132 3071 frustrantur
1169 3008 1337 3071 humanae
1374 3007 1484 3070 officia

276 3094 466 3158 seruitutis.
484 3092 617 3157 uincula
654 3103 868 3174 peccatorum
902 3093 1018 3157 famuli
1054 3095 1103 3159 tui
1139 3094 1277 3158 absolue
1307 3103 1341 3157 et
1375 3102 1485 3174 prete-

275 3179 428 3267 lritorum
463 3181 617 3245 clustella
648 3181 824 3244 criminum
857 3180 1053 3264 confringe.
1070 3182 1228 3265 quatinus
1263 3203 1308 3245 ex
1347 3181 1417 3264 [iol.
1433 3185 1483 3244 81.

277 3269 340 3333 hoc
372 3269 415 3331 ab
442 3268 533 3332 omni
562 3267 737 3349 grauidine
769 3277 984 3350 peccatorum
1012 3269 1315 3348 exoneratur†.in
1346 3270 1485 3332 ecclesie

277 3366 335 3434 tue
358 3354 493 3419 seruitio
521 3355 732 3437 mancipatus
749 3405 756 3418 .
773 3356 903 3438 antiqui
934 3356 1136 3420 insidiatoris
1168 3357 1295 3439 laqueis
1325 3356 1485 3418 euulsus.

276 3443 471 3526 angelorum
520 3442 681 3505 custodiis
730 3442 914 3524 deputatus
931 3445 1203 3526 ,perseuerantia
1254 3442 1484 3506 conuersionis

275 3531 475 3594 decoratus.
492 3529 698 3612 tandemque
725 3530 768 3592 ad
794 3529 953 3593 caelestia
978 3528 1104 3613 regna²
1125 3541 1160 3594 te
1183 3541 1381 3612 protegente
1411 3549 1485 3611 gra·
1514 3581 1519 3590 .

277 3626 388 3681 tanter
411 3616 563 3679 incedat.
581 3636 639 3698 per
662 3617 836 3679 dominum
863 3616 1038 3682 nostrum.³

312 3783 319 3812 ²
338 3781 393 3830 The
405 3779 463 3830 MS
477 3780 522 3829 has
533 3796 595 3830 nrs

310 3849 320 3877 ²
339 3848 381 3896 An
392 3861 490 3896 erasure
502 3845 598 3895 herem
610 3845 668 3894 MS.

311 3912 394 3962 ’The
412 3909 464 3960 first
482 3912 577 3961 section
600 3911 629 3960 ol
648 3911 690 3960 the
713 3911 780 3960 book
803 3911 954 3976 apparently
976 3912 1059 3962 ended
1080 3921 1106 3960 at
1130 3911 1180 3961 this
1197 3911 1277 3977 point.
1313 3911 1370 3960 The
1386 3919 1488 3976 present

278 3977 434 4028 contentsol
449 3976 474 4026 ff
488 3975 563 4027 81v.-
547 3975 621 4040 -.85v
636 3993 678 4026 are
690 3992 716 4025 tn
733 3993 748 4025 a
765 3976 833 4025 hand
845 3976 875 4025 of
888 3978 931 4025 the
943 3977 1016 4028 latter
1033 3976 1089 4026 hals
1102 3977 1132 4026 of
1145 3977 1189 4026 the
1208 3977 1265 4025 12th
1283 3985 1394 4040 century.
1431 3977 1487 4026 The

281 4044 347 4094 Ordo
365 4041 447 4092 which
463 4041 551 4105 begins
569 4058 601 4091 on
619 4041 662 4091 iol.
677 4040 768 4092 81v.'1s
786 4042 906 4091 identical
926 4042 988 4092 with
1010 4043 1053 4092 the
1075 4041 1141 4091 sixth
1163 4043 1191 4092 oi
1211 4041 1358 4091 Mabillon's
1384 4043 1491 4092 Ordines

278 4108 390 4158 Romani
406 4107 532 4168 (Musmm
549 4108 674 4168 ltalr'cum,
691 4107 765 4158 vol.
759 4107 784 4156 1i.
805 4124 848 4173 pp.
869 4107 968 4170 70-76).
