3375 5250
521 382 777 433 CONSECRATIO
798 382 1019 432 ECCLESIAE.

219 546 362 613 *Omnis
384 539 504 609 chorus
527 542 795 628 prophetarum*

241 634 364 701 Sancte
383 629 521 715 1petre¹
537 680 544 697 .
560 633 591 694 ii.

241 722 364 785 Sancte
387 718 496 804 paule.

241 807 365 874 Sancte
389 807 522 871 andrea.

240 894 251 933 ¹
264 896 388 960 Sancte
411 890 683 958 bartholomeael
696 891 722 969 †.

219 982 361 1048 *Omnis
384 982 505 1045 chorus
528 979 787 1063 apostolorum*

242 1069 365 1135 Sancte
388 1067 559 1150 stephane.

243 1158 367 1222 Sancte
390 1152 558 1218 1dionisi.l

244 1244 368 1308 Sancte
384 1242 535 1306 laurenti.

221 1331 364 1396 *Omnis
387 1331 506 1393 chorus
530 1328 748 1407 martyrum*

243 1418 367 1484 Sancte
387 1416 586 1480 benedicte.
603 1416 635 1479 ii.

244 1504 368 1570 Sancte
392 1504 543 1567 martine.

243 1591 369 1658 Sancte
390 1592 530 1672 gregori.

244 1680 368 1744 Sancte
391 1678 518 1741 iudoce.

223 1766 365 1832 *Omnis
388 1765 508 1828 chorus
531 1762 787 1829 consessorum*

245 1854 371 1920 Sancta
393 1872 508 1933 agnes·

245 1941 371 2006 Sancta
394 1939 533 2020 agathes
543 1938 568 2015 †.

245 2027 386 2112 [Sancta
409 2024 530 2090 cecilia.

246 2115 372 2180 Sancta
394 2113 570 2177 scolastica
593 2134 658 2177 ora.

225 2202 365 2267 *Omnis
388 2200 508 2263 chorus
532 2199 729 2282 uirginum*

224 2288 373 2354 *Omnes
396 2286 503 2350 sancti
526 2298 619 2351 orate
642 2308 703 2369 pro
726 2285 852 2349 nobis*

224 2374 379 2441 *christe
401 2374 480 2437 audi
503 2374 594 2437 nos*

226 2463 304 2526 *Ab
327 2462 470 2525 inimicis
493 2461 613 2525 nostris
636 2460 780 2524 deiende
802 2480 864 2523 nos
887 2458 1039 2525 christe*

225 2548 475 2613 *Afffictionem
499 2556 647 2611 nostram
671 2548 837 2630 benignus
860 2546 969 2611 uide*

226 2638 407 2700 *Dolorem
431 2637 540 2700 cordis
563 2637 667 2699 nostri
691 2636 818 2718 respice
841 2634 1016 2698 clemens*

227 2725 391 2788 *Peccata
414 2723 529 2806 populi
552 2725 600 2787 tui
625 2725 699 2806 pius
722 2719 890 2804 indulge*
1100 2724 1102 2727 ’

226 2811 444 2878 *Orationem
468 2819 617 2874 nostram
641 2811 765 2874 exaudi
788 2809 942 2874 christe*

227 2899 316 2962 *Hic
339 2899 429 2963 etin
452 2908 652 2980 perpetuum
676 2917 738 2961 nos
761 2897 929 2960 custodire
951 2896 1099 2978 digneris
1123 2897 1275 2963 christe*

228 2986 313 3049 *Fili
337 2984 390 3048 dei
414 2985 482 3048 uiui
506 2985 661 3048 miserere
684 2981 809 3047 nobis*

227 3072 386 3136 *Exaudi
409 3091 470 3134 nos
492 3071 615 3134 christe
637 3071 763 3135 exaudi
787 3070 914 3133 exaudi
937 3090 999 3133 nos
1021 3069 1175 3136 christe*

229 3160 373 3242 *Kyrrie
397 3158 531 3223 eleison.
578 3157 710 3222 Christe
733 3157 889 3220 eleison*

250 3249 396 3311 Domine
421 3247 584 3309 miserere.
631 3246 789 3308 Miserere
812 3244 920 3307 nobis.
966 3243 1098 3308 Christe
1121 3245 1201 3308 audi
1224 3268 1286 3310 nos
1302 3299 1309 3312 .
1326 3250 1369 3315 iii.

250 3334 371 3416 Agnus
395 3333 449 3396 dei
473 3353 581 3414 parce.
626 3332 749 3414 Agnus
771 3331 826 3396 dei
851 3332 1013 3394 miserere.

249 3421 371 3504 Agnus
394 3420 449 3484 dei
472 3420 561 3483 dona
585 3420 690 3484 nobis.

236 3607 282 3672 Ut
300 3616 408 3671 autern
427 3606 628 3669 surrexerint
645 3605 687 3669 ab
708 3605 854 3669 oratione
871 3625 933 3667 non
954 3604 1041 3668 dicat
1054 3607 1227 3688 pontifex.
1243 3608 1396 3676 dominns

185 3696 347 3760 nobiscnm
362 3743 369 3758 .
385 3692 446 3757 sed
464 3702 592 3756 tanturn
620 3692 744 3756 inchoet
770 3701 802 3756 et
828 3692 918 3755 derat
944 3712 1071 3756 oremus
1099 3693 1150 3757 Et
1175 3697 1329 3761 droconns
1358 3711 1398 3763 nt

184 3795 285 3866 snpra
300 3832 306 3845 .
323 3782 507 3844 Flectarnns
523 3801 654 3862 genua.
671 3789 703 3843 et
723 3779 842 3843 iternrn
865 3779 993 3842 Leuate.

195 3965 467 4096 MAgnificare
498 3966 635 4030 domine
662 3967 744 4030 deus
772 3972 886 4029 noster
912 3966 946 4027 in
972 3967 1097 4031 sanctis
1123 3969 1189 4032 tuis
1213 3980 1247 4034 et
1270 3972 1334 4035 hoc
1358 3974 1391 4036 in

319 4052 448 4136 templo
485 4051 706 4117 edificationis
746 4062 948 4136 appare.ut
988 4056 1046 4136 qui
1090 4057 1203 4119 omnia
1245 4058 1280 4121 in
1317 4060 1397 4124 filiis.

186 4141 380 4225 adoptionis
410 4141 580 4222 operaris.
599 4143 671 4224 ipse
698 4160 831 4223 semper
857 4140 891 4202 in
918 4147 977 4202 tua
1006 4141 1194 4207 hereditate
1224 4143 1369 4210 lauderis
1386 4200 1395 4212 .,

186 4249 246 4311 per
267 4230 450 4292 dominum.
477 4285 478 4288 ,

203 4379 271 4495 (sd-(i
290 4381 371 4430 These
383 4381 465 4430 words
476 4396 518 4430 are
529 4379 555 4429 iu
566 4381 637 4444 gold.
671 4380 727 4429 The
744 4395 818 4430 name
829 4379 861 4430 of
874 4379 901 4430 S.
915 4375 1103 4431 Bartholomew
1114 4350 1194 4435 seems
1211 4392 1237 4434 to
1253 4385 1318 4437 have
1328 4388 1397 4438 been

187 4462 202 4494 a
240 4461 281 4496 e.
