3375 5250
508 498 824 550 BENEDICTIONES
842 502 1103 556 EPISCOPALES.

204 829 462 911 (Bauenrcno
483 843 534 895 no
554 831 763 983 Missnu1cu
788 831 945 898 U1G1nrn
969 832 1138 899 Nurnms
1162 834 1281 900 Iussu
1299 832 1371 918 [tot.
1383 835 1412 899 8.

755 932 894 985 nu1sr1.

207 1051 471 1180 OMnipotens
501 1056 585 1119 deus
608 1055 666 1137 qui
694 1055 923 1120 incarnatione
947 1056 1112 1139 unigeniti
1139 1059 1190 1122 sui
1219 1058 1335 1123 mundi
1362 1068 1411 1123 te·

319 1141 439 1205 nebras
466 1141 627 1224 effugauit
643 1191 650 1208 .
666 1151 701 1206 et
725 1142 796 1207 eius
816 1142 964 1226 gloriosa
989 1144 1169 1210 natiuitate
1191 1144 1278 1209 hanc
1302 1166 1412 1210 sacra·

202 1229 368 1292 tissimam
420 1240 554 1294 noctem
600 1229 803 1296 inradiauit.
825 1227 988 1313 effugiat¹
1034 1251 1054 1294 a
1104 1231 1201 1296 uobis
1253 1232 1411 1298 tenebras

205 1317 363 1381 uitiorum
380 1365 387 1380 .
404 1325 439 1380 et
462 1316 605 1380 inradiet
628 1318 732 1381 corda
755 1325 867 1382 uestra
889 1317 964 1382 luce
987 1317 1161 1383 uirtutum.
1206 1319 1326 1386 Amen.

249 1403 383 1486 Quique
407 1404 477 1467 eius
500 1403 724 1482 sacratissime
752 1405 939 1469 natiuitatis
961 1405 1124 1487 gaudium
1148 1426 1309 1489 magnum
1334 1427 1412 1491 pas-

203 1492 331 1554 toribus
351 1490 395 1554 ab
413 1490 535 1574 angelo
557 1491 663 1555 uoluit
686 1492 832 1556 nuntiari
848 1539 857 1556 .
873 1493 945 1573 ipse
967 1513 1068 1576 super
1087 1512 1149 1557 uos
1168 1493 1413 1559 benedictionis

203 1597 284 1642 suae
314 1577 541 1661 gratissimum
575 1578 717 1642 imbrem
749 1578 927 1643 infundat.
944 1589 1047 1662 atque
1078 1579 1152 1662 ipso
1182 1590 1318 1662 pastore
1349 1602 1411 1646 uos

204 1666 247 1728 ad
271 1674 482 1729 aeternorum
505 1665 705 1746 gaudiorum
729 1685 854 1748 pascua
875 1675 1010 1730 aeterna
1032 1666 1203 1750 perducat.
1247 1668 1364 1734 Amen.

248 1752 294 1815 Et
317 1753 374 1835 qui
397 1773 457 1836 per
481 1753 551 1816 eius
575 1753 838 1818 incarnationem
862 1762 992 1817 terrena
1017 1753 1217 1818 caelestibus
1243 1756 1410 1821 sociauit.

204 1840 356 1902 internae
388 1839 481 1923 pacis
519 1849 553 1904 et
584 1840 694 1904 bonae
726 1840 910 1905 uoluntatis
944 1860 1006 1905 uos
1040 1850 1175 1906 nectare
1208 1842 1361 1926 repleat.
1378 1853 1412 1908 et

204 1925 358 1991 caelestis
380 1927 519 1991 militiae
540 1937 713 1992 consortes
732 1927 862 1993 efficiat
908 1927 1026 1992 Amen.

250 2013 350 2096 Quod
375 2014 448 2097 ipse
470 2022 627 2096 prestare.

250 2101 447 2166 Benedictio
470 2102 532 2167 dei.

432 2395 688 2478 [Buuuorcuo
711 2410 763 2459 Au
786 2395 936 2460 M1ssnu
960 2408 1002 2458 ΙΝ
1029 2395 1171 2460 Nocra.
1264 2392 1337 2482 [sol.
1361 2398 1412 2463 8v.

210 2533 418 2660 POpulum
444 2541 541 2598 tuum
572 2553 754 2616 quesumus
785 2532 921 2596 domine
951 2532 1009 2614 pio
1041 2531 1155 2596 fauore
1187 2553 1410 2617 prosequere.

311 2641 371 2703 pro
405 2642 473 2704 quo
503 2621 660 2704 dignatus
691 2641 727 2684 es
759 2621 793 2684 in
826 2620 891 2684 hac
922 2619 1149 2684 sacratissima
1182 2629 1281 2686 nocte
1315 2632 1408 2687 tuam

205 2710 334 2773 mundo
356 2709 560 2791 presentiam
582 2708 751 2772 exhibere.
797 2708 916 2772 Amen.

249 2796 284 2859 A
307 2796 435 2860 cunctis
462 2816 540 2859 eum
567 2796 826 2859 aduersitatibus
856 2805 998 2877 patema
1028 2795 1153 2877 pietate
1177 2794 1331 2860 custodi.
1347 2816 1410 2879 pro

203 2882 328 2965 quoin
352 2883 479 2947 mundo
502 2883 566 2954 hoc
597 2883 630 2947 in
657 2892 809 2965 tempore
831 2883 991 2966 dignatus
1013 2902 1050 2945 es
1073 2904 1118 2947 ex
1145 2882 1276 2965 uirgine
1307 2885 1410 2949 nasci.

203 2971 320 3035 Amen.

249 3054 414 3122 Utinam²
435 3066 470 3121 te
497 3057 744 3141 redemptorem
768 3076 866 3121 suum
889 3077 1022 3139 semper
1045 3054 1240 3141 intellegat.
1257 3065 1291 3122 et
1313 3066 1408 3122 tuam

204 3144 365 3209 ueraciter
386 3144 530 3227 gratiam
554 3144 827 3229 comprehendat.
871 3146 988 3207 Amen.

248 3231 349 3314 Quod
373 3232 445 3316 ipse
468 3241 617 3314 prestare
640 3231 804 3314 dignetur.
850 3232 965 3295 Amen.

574 3533 669 3596 [Tau
694 3544 735 3594 ΙΝ
761 3530 886 3595 Puruo
912 3531 1038 3595 Mnus.

274 3671 345 3735 Eus
368 3671 425 3754 qui
445 3690 513 3735 non
534 3669 643 3734 solum
666 3689 772 3753 genus
795 3668 981 3732 humanum
999 3666 1215 3752 [cond]ere⁸.
1229 3670 1288 3733 sed
1305 3670 1407 3734 etiam

316 3769 350 3824 te
391 3765 550 3822 nascente
591 3754 784 3843 uo[luisti]4
822 3756 994 3819 hominem
1029 3758 1072 3820 de
1109 3757 1205 3821 terris
1238 3758 1280 3820 ad
1319 3766 1409 3821 astra

203 3846 366 3911 transire.
383 3866 497 3928 preces
516 3844 707 3929 supplicum
729 3844 878 3926 respice.
896 3853 934 3908 ut
952 3844 1009 3927 qui
1031 3853 1065 3907 te
1084 3853 1161 3925 post
1182 3843 1300 3927 longas
1317 3854 1409 3909 tene·

203 3935 279 3997 bras
310 3933 410 3997 hodie
443 3941 561 3997 natum
595 3932 708 3995 lumen
743 3940 1123 4013 agnoscunt.aeternae
1161 3932 1301 3994 uisionis
1334 3932 1408 3996 luce

202 4020 325 4102 perfrui
349 4029 549 4085 mereantur.
595 4019 713 4084 Amen.

250 4106 483 4191 Complectere
508 4108 598 4171 hunc
619 4106 781 4189 populum
808 4106 840 4169 in
867 4103 961 4169 ecle⁶

400 4400 408 4428 ¹
425 4402 471 4465 leg.
484 4400 586 4463 effuget.
923 4396 934 4423 ²
952 4396 1063 4463 Perhaps
1075 4397 1114 4447 ior
1124 4406 1159 4449 ut.

399 4466 409 4494 ³
426 4466 482 4517 The
494 4464 547 4515 first
559 4464 667 4529 syllable
678 4463 699 4514 is
710 4462 818 4513 omitted
828 4460 856 4511 in
867 4462 911 4511 the
921 4462 980 4513 MS.

399 4532 409 4558 ⁴
427 4531 483 4580 The
494 4530 544 4579 last
555 4530 625 4581 three
636 4530 756 4594 syllables
767 4542 809 4579 are
821 4528 927 4578 omitted
940 4529 966 4575 in
978 4527 1021 4577 the
1033 4526 1091 4577 MS.

402 4596 412 4622 ⁵
430 4596 486 4645 'l'he
498 4596 548 4645 end
560 4596 589 4645 os
598 4596 641 4645 the
653 4594 815 4646 benediction
827 4594 849 4643 is
859 4594 917 4643 lost.
