3375 5250
607 498 926 548 BENEDICTIONES
945 497 1203 546 EPISCOPALES.

695 735 1038 827 s[Bnun1>1cr1o1u
1063 732 1166 821 Duc]
1387 729 1456 815 [fol.
1481 749 1512 810 9.

365 879 551 947 Enedicat1
567 903 628 945 uos
648 881 865 963 omnipotens
886 880 1060 943 dominus.
1073 888 1288 960 uestramque
1304 877 1347 940 ad
1364 893 1510 958 superna

407 970 534 1034 excitet
555 969 776 1034 intentionem
789 1017 797 1033 .
810 969 869 1050 qui
886 968 977 1030 hunc
994 965 1258 1028 sacratissimum
1278 964 1368 1028 diem
1388 962 1509 1026 natiui-

304 1067 376 1124 tate
398 1056 458 1120 filii
481 1057 532 1120 sui
556 1056 635 1120 fecit
656 1076 729 1119 esse
752 1054 987 1138 solempnem;

350 1144 417 1227 lEt
439 1145 497 1226 qui
520 1163 597 1207 eum
621 1143 678 1226 qui
701 1143 798 1224 panis
821 1152 874 1206 est
900 1142 1096 1223 angelorum
1124 1141 1158 1203 in
1182 1139 1313 1223 presepi
1360 1133 1429 1223 [fol.
1454 1152 1509 1216 9v.

303 1231 442 1310 ecclesie
472 1231 584 1294 cibum
616 1229 693 1294 fecit
715 1250 788 1293 esse
818 1228 968 1292 fidelium
992 1227 1211 1291 animalium.
1229 1226 1307 1309 Ipse
1334 1245 1395 1288 uos
1417 1232 1452 1286 et
1474 1222 1508 1284 in

304 1319 450 1402 presenti
483 1320 661 1400 degustare
691 1315 792 1380 saciat
820 1326 1011 1394 eternorum
1043 1314 1255 1378 dulcedinem
1286 1312 1508 1395 gaudiorum.

304 1415 340 1471 et
369 1407 403 1469 in
437 1405 547 1469 futuro
579 1405 742 1487 perducat
774 1403 818 1466 ad
851 1403 1042 1466 satietatem
1075 1411 1278 1479 eternorum·
1297 1399 1510 1482 premiorum.

303 1494 418 1557 Amen.

348 1580 483 1664 Quique
505 1579 577 1642 eius
598 1577 774 1642 infantiam
798 1576 920 1640 uilibus
944 1576 1037 1641 indui
1061 1573 1168 1640 uoluit
1191 1575 1312 1658 pannis
1328 1624 1335 1639 .
1352 1575 1424 1658 ipse
1446 1592 1508 1636 uos

305 1667 477 1746 celestium
501 1666 775 1730 indumentorum
799 1663 920 1728 induat
942 1663 1156 1728 ornamentis.
1202 1663 1319 1726 Amen.

348 1753 450 1837 Quod
474 1753 546 1836 ipse
568 1762 724 1835 prestare.

578 1993 816 2058 Bennntcrto
839 2007 882 2057 m
907 1991 1069 2057 Ocmms
1092 1991 1252 2057 Donnn.

308 2127 570 2257 OMnipotens
598 2130 680 2193 deus
710 2129 804 2193 cuius
835 2128 1028 2210 unigenitus
1058 2127 1222 2191 hodierna
1246 2128 1301 2191 die
1330 2147 1372 2190 ne
1402 2125 1511 2210 legem

418 2217 564 2281 solueret
595 2236 696 2298 quam
731 2216 905 2299 adinplere
943 2224 1081 2278 uenerat
1116 2216 1323 2297 corporalem
1362 2214 1513 2298 suscepit

304 2301 589 2367 circumcisionem
606 2352 613 2368 .
630 2301 771 2386 spiritali
787 2303 1038 2373 circumcisione
1055 2312 1185 2366 mentes
1202 2312 1331 2366 uestras
1346 2301 1389 2365 ab
1407 2301 1514 2366 omni-

305 2387 369 2452 bus
399 2390 556 2454 uitiorum
587 2390 762 2454 incentiuis
793 2399 983 2473 expurget.
1000 2398 1033 2452 et
1056 2409 1152 2452 suam
1183 2390 1215 2452 in
1240 2410 1301 2454 uos
1332 2388 1514 2452 benedicti·

306 2494 405 2540 onem
429 2477 594 2542 infundat.
640 2477 759 2542 Amen.

351 2562 397 2628 Et
417 2565 474 2647 qui
495 2585 555 2648 per
571 2584 710 2647 moysen
730 2564 838 2647 legem
859 2564 971 2629 dedit.
985 2573 1022 2628 ut
1042 2583 1101 2646 per
1121 2563 1341 2628 mediatorem
1361 2571 1511 2627 nostrum

306 2650 573 2716 benedictionem
613 2652 734 2716 daret.
757 2660 863 2716 exuat
901 2672 961 2714 uos
995 2649 1251 2715 mortificatione
1281 2652 1461 2715 uitiorum.
1479 2657 1513 2713 et

307 2736 409 2803 saciat
432 2759 644 2821 perseuerare
668 2741 700 2802 in
725 2739 880 2802 nouitate
904 2740 1076 2803 uirtutum.
1122 2739 1241 2802 Amen.

351 2824 429 2908 Quo
451 2827 499 2889 sic
522 2827 555 2889 in
580 2823 783 2909 septenarii2
805 2826 935 2890 numeri
959 2825 1161 2908 perfectione
1179 2824 1232 2906 lin
1254 2826 1318 2889 hoc
1364 2822 1436 2911 [fol.
1460 2842 1511 2891 10.

308 2913 443 2977 saeculo
476 2914 598 2977 uiuatis
613 2961 621 2975 .
639 2924 673 2977 et
707 2915 741 2976 in
780 2914 971 2996 septenario
1005 2914 1091 2976 inter
1125 2911 1301 2975 beatorum
1333 2914 1512 2995 spirituum

307 3000 444 3081 agmina
474 3001 688 3083 requiescatis
704 3048 711 3064 .
728 3001 886 3083 quatinus
917 3001 950 3062 in
982 3009 1104 3063 octaua
1140 3000 1381 3064 resurrectione
1415 3019 1512 3062 reno-

309 3088 401 3150 uati.
419 3087 532 3151 iubilei
564 3088 758 3151 remissione
790 3087 913 3153 ditati.
930 3087 973 3150 ad
1003 3087 1128 3170 gaudia
1158 3086 1230 3149 sine
1257 3086 1323 3149 fine
1355 3106 1512 3150 mansura

308 3174 522 3257 perueniatis.
569 3176 686 3239 Amen.

352 3260 453 3343 Quod
477 3262 549 3345 ipsc
572 3272 720 3344 prestare
743 3262 907 3345 dignetur.

553 3506 752 3570 Dounncn
775 3518 798 3570 1.
823 3516 914 3567 Post
938 3501 1098 3566 NATALE
1121 3503 1281 3567 Domur.

378 3640 448 3705 Eus
479 3639 537 3721 qui
568 3640 778 3719 unigenitum
802 3658 901 3701 suum
926 3638 1017 3702 misit
1040 3640 1074 3702 in
1098 3639 1261 3703 mundum
1287 3647 1325 3703 ut
1347 3658 1424 3703 eum
1448 3638 1515 3703 sal-

420 3736 516 3792 uaret
531 3776 538 3790 .
555 3726 706 3789 eiusdem
738 3724 857 3789 salutis
886 3746 948 3790 uos
974 3726 1154 3810 participes
1189 3726 1333 3791 efficiat.
1350 3736 1385 3791 et
1409 3726 1444 3789 in
1473 3745 1515 3789 ea

309 3813 571 3897 perseuerabiles
596 3814 724 3877 reddat.
771 3813 889 3877 Amen.

353 3902 442 3966 Iram
466 3920 553 3983 quae
583 3921 683 3983 super
712 3899 864 3963 infideles
895 3910 1009 3965 manet
1039 3922 1059 3965 a
1086 3899 1183 3963 uobis
1210 3911 1391 3967 amoueat.
1408 3910 1443 3965 et
1469 3900 1513 3963 ab

307 4009 348 4052 ea
370 4010 432 4053 uos
455 3990 487 4051 in
512 3997 711 4070 perpetuum
735 3988 856 4050 liberos
879 3986 1008 4051 efficiat.
1052 3988 1170 4054 Amen.

353 4076 516 4159 Spiritum
543 4084 695 4138 sanctum
724 4074 820 4137 uobis
851 4073 1037 4140 attribuat.
1053 4075 1193 4159 eiusque
1219 4074 1316 4138 donis
1344 4096 1405 4138 uos
1432 4073 1513 4139 affa-

309 4162 369 4226 tim
393 4162 569 4227 exuberari
594 4161 765 4226 concedat.
810 4161 929 4224 Amen.

353 4248 455 4333 Quod
479 4252 551 4334 ipse
573 4258 723 4332 prestare
747 4248 905 4331 dignetur
927 4249 1021 4313 cuius
1045 4269 1186 4332 regnum
1210 4260 1245 4314 et
1266 4250 1454 4333 imperium.

341 4461 350 4491 ¹
367 4462 424 4513 The
434 4460 518 4511 whole
529 4460 558 4511 of
567 4459 610 4510 the
622 4466 675 4510 text
686 4474 719 4509 on
735 4457 778 4507 the
789 4465 859 4508 recto
870 4456 900 4507 oi
913 4456 958 4509 sol.
973 4469 989 4519 9
1006 4457 1027 4506 is
1044 4457 1145 4509 written
1162 4458 1188 4507 in
1205 4458 1275 4523 gold,
1290 4459 1378 4511 within
1394 4476 1428 4511 an
1443 4476 1516 4511 orna·

307 4527 403 4577 mental
413 4528 513 4577 border.

339 4594 350 4623 ’
367 4594 478 4657 Perhaps
489 4592 528 4642 sor
539 4589 638 4641 senarii.
