3375 5250
326 414 358 475 78
690 414 946 463 CONSECRATIO
966 415 1185 466 ECCLESIAE.

363 578 492 643 Deinde
533 578 671 660 incipiat
706 577 859 659 pontifex
895 576 937 639 de
976 576 1112 639 sinistra
1155 577 1276 659 angula
1312 576 1355 639 ab
1390 575 1532 641 utente.

318 666 459 729 scribens
485 676 547 747 per
572 665 802 746 pauimentum
832 684 906 726 cum
934 662 1099 726 cambutta
1126 685 1189 727 sua
1217 664 1409 728 abedarium
1434 684 1537 745 usqiee

320 754 356 816 in
388 753 543 903 ameum
581 753 738 835 angulum
777 749 995 834 [accidentalis
1029 760 1063 813 et
1096 761 1202 814 cantet
1235 752 1318 814 haue
1355 748 1429 836 [sol.
1456 752 1530 832 98v.

319 850 412 923 antip
475 861 540 903 am.

365 967 658 1031 *Fundamentum
689 965 780 1029 aliud
808 987 909 1030 nemo
936 975 1049 1047 potest
1076 986 1201 1047 ponere
1229 977 1340 1048 preter
1362 966 1444 1030 illud
1469 969 1527 1031 de-

322 1057 423 1139 nique
456 1054 548 1137 quod
585 1054 733 1137 positum
768 1062 820 1117 est
853 1074 874 1115 a
907 1054 1031 1117 christo
1069 1051 1238 1117 domino*
1297 1054 1355 1117 Ps.
1394 1054 1529 1118 Funda-

321 1152 434 1206 menta
468 1144 539 1205 eius
562 1189 570 1204 .
593 1141 641 1204 Et
665 1163 687 1205 a
710 1140 822 1204 deutra
857 1141 978 1221 augule
1011 1140 1181 1204 orientalis
1213 1140 1338 1204 scribat
1373 1142 1531 1205 similiter

318 1229 510 1293 abedarium
540 1250 639 1310 usque
667 1230 702 1291 in
738 1228 913 1291 sinistrum
950 1229 1109 1310 angulum
1146 1226 1366 1291 accidentalem
1404 1228 1533 1293 basilee

318 1317 456 1381 canenda
500 1316 718 1398 autiphonam.
780 1313 878 1390 'Hec
916 1314 993 1376 aula
1030 1314 1172 1395 accipiet
1209 1335 1228 1376 a
1273 1317 1339 1378 deo
1383 1318 1528 1397 gratiam

319 1404 562 1467 benedictionis
593 1414 627 1467 et
658 1402 919 1465 misericordiam
951 1423 972 1463 a
1001 1400 1126 1464 christo
1153 1399 1252 1463 iesu*
1297 1403 1355 1464 Ps.
1379 1403 1527 1485 Magnus

319 1492 482 1554 dominus
528 1489 656 1553 Deinde
677 1490 808 1552 ueniens
829 1498 906 1551 aute
931 1488 1037 1551 altare
1066 1487 1170 1552 dicat.
1188 1498 1258 1552 ter.
1274 1489 1353 1552 deus
1374 1491 1410 1553 in
1431 1490 1528 1553 adiu-

318 1580 438 1641 torium
462 1598 568 1641 meum
592 1577 722 1640 intende
754 1597 828 1639 cum
854 1576 965 1658 gloria
983 1576 1150 1657 flectentes
1171 1596 1282 1659 genua
1311 1576 1430 1658 absque
1449 1579 1527 1641 alle·

317 1666 410 1728 luia.
426 1664 541 1728 deiude
564 1664 742 1728 benedicens
769 1664 872 1727 salem
894 1673 926 1725 et
949 1683 1070 1743 aquam
1096 1684 1169 1725 cum
1195 1664 1302 1727 cinere
1328 1664 1418 1727 dieat
1445 1665 1530 1728 haue

317 1752 504 1817 arationem.

325 1889 461 2013 DEus
501 1888 559 1969 qui
599 1887 643 1950 ad
685 1886 828 1950 salutem
862 1887 1000 1949 humani
1038 1888 1169 1969 generis
1209 1890 1360 1951 maxima
1392 1911 1526 1972 queque

434 1985 644 2038 sacramenta
681 1974 714 2036 in
752 1994 915 2056 aquarum
956 1974 1146 2037 substantia
1186 1976 1390 2039 condidisti.
1407 1980 1527 2043 adesto

319 2064 482 2148 propitius
505 2061 776 2125 inuocationibus
799 2062 921 2123 nostris
939 2111 946 2123 .
963 2071 997 2123 et
1019 2060 1189 2123 elemento
1211 2063 1290 2126 huic
1317 2064 1525 2129 multimodis

319 2149 606 2233 purificationibus
630 2157 807 2229 preparato
830 2149 989 2210 uirtutem
1013 2157 1071 2225 tue
1095 2148 1339 2213 benedictionis
1363 2152 1525 2218 infunde.

320 2249 357 2302 ut
388 2247 539 2301 creatura
566 2236 717 2317 mysterii
741 2236 790 2298 tui
816 2234 878 2298 tibi
901 2234 1048 2297 seruiens
1075 2237 1118 2299 ad
1141 2236 1337 2300 abiciendos
1363 2238 1525 2304 demones

321 2326 524 2407 morbosque
568 2321 742 2406 pellendos
787 2322 902 2399 diuine
946 2323 1074 2403 gratiae
1118 2332 1231 2387 sumat
1276 2324 1463 2392 effectum.
1488 2338 1526 2391 ut

321 2412 480 2494 quicquid
504 2411 538 2473 in
561 2409 717 2474 domibus
737 2408 791 2471 uel
815 2409 849 2470 in
872 2408 954 2471 locis
977 2407 1126 2472 fidelium
1149 2410 1213 2487 hec
1233 2412 1326 2474 unda
1349 2416 1525 2496 reperserit

320 2509 433 2563 careat
457 2497 551 2560 omni
577 2496 800 2559 inmunditia.
823 2495 982 2559 liberetur
1007 2516 1028 2559 a
1054 2516 1175 2562 noxa.
1196 2518 1264 2560 non
1288 2497 1356 2563 illic
1380 2501 1524 2567 resideat

322 2586 458 2668 spiritus
495 2583 677 2668 pestilens.
695 2602 761 2646 non
800 2602 882 2646 aura
919 2602 1136 2666 corrumpens
1163 2585 1370 2652 ,discedant
1405 2608 1523 2653 omnes

321 2673 440 2736 insidie
476 2671 610 2735 latentis
641 2671 789 2734 inimici.
807 2681 841 2734 et
865 2670 894 2733 si
924 2671 1004 2752 quid
1042 2682 1094 2735 est
1131 2672 1223 2754 quod
1262 2683 1321 2738 aut
1350 2676 1522 2740 incolomi-

321 2762 382 2823 tati
420 2759 645 2822 habitantium
678 2758 806 2820 inuidet
837 2767 897 2821 aut
926 2757 1053 2840 quieti.
1070 2761 1263 2841 aspersione
1300 2762 1398 2826 huius
1435 2784 1522 2846 aque

319 2847 474 2932 [effugiat
490 2891 498 2907 .
515 2853 551 2908 ut
574 2843 753 2907 salubritas
783 2864 844 2926 per
870 2844 1118 2908 inuocationem
1141 2847 1190 2908 tui
1214 2849 1359 2912 nominis
1383 2846 1456 2936 [fol.
1470 2869 1522 2935 99

319 2935 472 3016 expetita
501 2981 509 2997 .
540 2931 583 2994 ab
631 2932 788 2995 omnibus
836 2931 880 2994 sit
916 2932 1216 3014 inpugnationibus
1258 2935 1396 3000 defensa
1426 2987 1434 3002 .
1464 2959 1524 3021 per

315 3022 503 3084 dominum.

681 3203 837 3285 Sequitur
858 3203 1053 3268 exercuimus
1074 3223 1161 3296 aque.

326 3318 530 3444 EXorcizo
560 3328 594 3381 te
625 3329 776 3381 creatura
806 3338 894 3400 aque
925 3319 958 3381 in
989 3320 1126 3382 nomine
1157 3321 1212 3383 dei
1240 3325 1344 3402 patris
1370 3327 1522 3408 omnipo·

430 3406 531 3469 tentis
560 3414 595 3467 et
625 3404 658 3466 in
690 3404 826 3468 nomine
862 3407 955 3468 ihesu
986 3406 1099 3470 christi
1131 3407 1189 3470 filii
1219 3411 1290 3473 eius
1321 3421 1355 3474 et
1384 3414 1519 3494 spiritus

319 3494 426 3558 sancti
457 3501 496 3554 ut
526 3491 637 3554 omnis
673 3493 780 3555 uirtus
810 3493 1022 3556 aduersarii.
1046 3495 1156 3557 omnis
1186 3497 1330 3560 incursio
1359 3498 1518 3566 diaboli.

319 3601 419 3646 omne
441 3578 630 3642 fantasma.
647 3581 757 3642 omnis
778 3580 903 3642 inimici
922 3590 1072 3661 potestas
1093 3583 1281 3646 eradicetur
1300 3595 1335 3647 et
1355 3585 1520 3668 effugetur

317 3670 360 3732 ab
391 3668 454 3729 hac
484 3673 637 3728 creatura
667 3686 754 3746 aque
769 3715 777 3729 .
794 3668 884 3730 unde
913 3669 1068 3732 exorcizo
1095 3678 1129 3731 te
1152 3680 1304 3733 creatura
1337 3693 1423 3754 aque
1459 3696 1520 3758 per

317 3758 417 3818 deum
450 3773 589 3815 uerum.
607 3773 665 3834 per
698 3753 800 3816 deum
823 3755 962 3818 uiuum.
980 3775 1038 3835 per
1068 3755 1169 3818 deum
1201 3765 1353 3821 sanctum
1370 3807 1378 3823 .
1395 3769 1429 3824 et
1459 3783 1520 3844 per

316 3842 490 3906 dominum
515 3849 666 3902 nostrum
689 3839 818 3902 ihesum
847 3840 1007 3903 christum
1030 3852 1067 3904 ut
1088 3843 1240 3906 efficiaris
1266 3865 1354 3927 aqua
1376 3861 1516 3914 sancta.

317 3949 404 4012 aqua
426 3927 603 3990 benedicta
615 3972 622 3987 .
634 3936 668 3988 et
691 3926 893 4009 ubicumque
916 3927 1015 3990 fueris
1031 3927 1138 3992 effusa
1154 3931 1207 3993 uel
1230 3952 1381 4012 aspersa.
1395 3935 1467 3998 siue
1482 3937 1516 3999 in

316 4018 450 4080 domo.
476 4013 547 4076 siue
577 4014 610 4075 in
642 4033 724 4094 agro
751 4063 757 4076 .
783 4013 910 4095 effuges
940 4034 1075 4078 omnem
1106 4018 1285 4081 fantasiam
1315 4040 1518 4105 omnemque

315 4102 438 4167 inimici
469 4108 671 4183 potestatem
688 4097 894 4181 ,quatinus1
917 4103 1124 4166 consecratio
1154 4104 1253 4167 huius
1283 4098 1399 4185 sancte
1429 4129 1516 4192 aque

315 4189 467 4273 proficiat
492 4188 535 4249 ad
563 4185 808 4250 dedicationem
835 4187 934 4250 huius
964 4189 1083 4267 eclesie
1114 4191 1167 4253 uel
1196 4192 1350 4255 altarium
1366 4243 1374 4257 .
1390 4206 1428 4259 ut
1458 4218 1518 4278 per

314 4273 414 4340 eam²
436 4284 470 4337 et
500 4294 558 4356 per
588 4274 856 4338 benedictionem
887 4275 1037 4339 diuinam
1069 4278 1255 4341 auxiliante
1277 4280 1415 4345 domino
1445 4288 1516 4348 siue

315 4385 374 4448 per
403 4383 441 4426 os
472 4371 506 4425 et
532 4382 591 4444 per
618 4381 737 4425 manus
763 4372 866 4443 atque
892 4364 1038 4426 officium
1069 4375 1220 4428 nostrum
1247 4414 1256 4430 .
1282 4367 1364 4430 haec
1394 4371 1516 4435 domus

343 4503 351 4532 ¹
370 4510 413 4551 tua
425 4501 564 4552 interlined.
712 4499 722 4528 ²
738 4516 791 4550 eam
804 4501 952 4551 underlined
963 4502 1013 4551 and
1025 4508 1094 4551 tuam
1106 4504 1267 4566 aspernatum
1279 4505 1380 4555 written
1391 4508 1480 4561 above.
