3375 5250
527 392 783 444 consectario
805 391 1026 441 accensere.
1362 399 1392 451 79

179 552 234 617 dei
265 554 369 618 nostri
400 553 561 617 diuInitus
587 572 647 635 per
673 551 817 634 gratiam
850 551 986 634 spiritus
1016 550 1123 615 sancti
1155 561 1388 616 consecretur.

180 649 217 704 et
253 641 493 723 perpetualiter
523 642 565 703 ad
605 640 830 703 inuocandum
862 658 985 702 nomen
1025 639 1154 702 domini
1197 647 1391 703 consecrata

180 737 376 809 permaneat
406 777 413 795 .
443 738 477 791 et
506 727 643 810 spiritus
681 734 816 789 sanctus
847 725 978 789 habitet
1014 724 1048 788 in
1071 726 1174 789 domo
1196 725 1260 790 bac
1292 774 1300 792 .
1332 745 1391 807 per

179 815 366 879 dominum.

636 934 820 1000 Benedictio
842 935 933 999 salis.

186 1056 406 1183 INmensam
431 1055 645 1120 clementiam
673 1064 767 1119 tuam
793 1054 1009 1135 omnipotens
1033 1063 1148 1118 eterne
1173 1054 1255 1119 deus
1278 1055 1388 1119 humi-

265 1145 339 1208 liter
361 1143 602 1227 imploramus.
619 1150 657 1205 ut
679 1143 766 1205 hanc
782 1150 969 1205 creaturam
991 1138 1084 1225 lsalis
1101 1162 1202 1224 quam
1226 1142 1298 1226 [fol.
1314 1160 1389 1224 99v.

181 1232 213 1293 in
246 1251 343 1295 usum
379 1232 492 1313 generi
523 1231 672 1294 humano
702 1229 848 1293 tribuisti
886 1228 1084 1293 benedicere
1114 1238 1150 1292 et
1179 1228 1390 1293 sanctificare

180 1328 240 1381 tua
263 1320 388 1401 pietate
411 1318 559 1400 digneris
577 1365 585 1380 .
602 1325 638 1380 et
664 1316 707 1380 sit
735 1316 892 1379 omnibus
915 1315 1125 1380 sumentibus
1148 1315 1239 1380 salus
1263 1317 1389 1381 mentis

181 1414 215 1467 et
253 1406 425 1487 corporis,
447 1413 481 1469 et
519 1404 677 1488 quicquid
716 1424 756 1466 eo
795 1412 924 1467 tactum
963 1401 1016 1466 uel
1055 1423 1244 1485 respersum
1290 1404 1391 1467 suerit

180 1503 292 1555 careat
339 1493 431 1555 omni
478 1492 680 1555 inmunditia
726 1490 886 1571 omnique
933 1490 1178 1572 inpugnatione
1230 1490 1392 1573 spiritalis

183 1579 355 1661 nequitie.
373 1600 432 1662 per
456 1578 631 1642 dominum
655 1578 712 1661 qui
741 1586 910 1641 uenturus.

626 1749 841 1813 Exercismus
862 1750 951 1813 salis.

191 1871 399 1996 EXorcizo
437 1880 470 1935 te
508 1879 658 1936 creatura
696 1870 775 1934 salis
814 1890 873 1952 per
910 1872 1011 1935 deum
1043 1872 1158 1935 uiuum
1194 1894 1254 1955 per
1291 1875 1393 1939 deum

295 1979 429 2022 uerum.
443 1980 503 2042 per
518 1960 619 2022 deum
636 1967 791 2022 sanctum
807 1978 883 2039 ‚per
899 1959 1000 2022 deum
1022 1960 1079 2041 qui
1101 1969 1135 2021 te
1155 1980 1215 2041 per
1230 1961 1393 2025 heliseum

184 2045 384 2129 prophetam
404 2046 439 2109 in
462 2066 585 2129 aquam
610 2047 697 2109 mitti
720 2045 816 2109 iussit
842 2055 880 2107 ut
903 2056 1077 2110 sanaretur
1097 2048 1256 2111 sterilitas
1283 2068 1391 2131 aque.

186 2145 222 2198 ut
252 2132 402 2197 efficiaris
432 2132 482 2195 sal
512 2134 741 2197 exorcizatum
774 2133 808 2195 in
848 2133 993 2196 salutern
1030 2134 1238 2197 credentium
1256 2183 1264 2199 .
1282 2145 1316 2198 et
1347 2137 1394 2198 sis

183 2220 340 2284 omnibus
368 2228 402 2284 te
426 2220 637 2284 sumentibus
660 2221 787 2283 sanitas
811 2221 924 2283 anime
946 2230 981 2284 et
1007 2221 1157 2301 corporis
1172 2270 1179 2284 .
1197 2231 1231 2286 et
1253 2223 1394 2304 effugiat

186 2317 287 2390 atque
309 2307 462 2370 discedat
485 2307 529 2370 ab
552 2327 593 2370 eo
615 2307 692 2370 loco
714 2326 782 2389 quo
806 2327 961 2388 aspersus
988 2307 1088 2370 fueris
1113 2309 1225 2371 omnis
1249 2308 1396 2373 fantasia

183 2403 219 2457 et
245 2394 394 2477 nequitia
423 2392 477 2457 uel
509 2394 655 2457 uersutia
685 2393 851 2457 diabolice
882 2393 1007 2458 fraudis
1023 2444 1030 2457 .
1047 2396 1225 2477 omnisque
1254 2397 1392 2479 spiritus

185 2482 366 2546 inmundus
389 2481 568 2559 adiuratus¹
585 2501 645 2563 per
666 2500 744 2544 eum
768 2481 825 2564 qui
850 2490 1023 2546 uenturus.

607 2668 790 2732 Benedictio
811 2670 966 2734 cinerum.

190 2781 455 2912 OMnipotens
477 2781 680 2864 sempiterne
707 2782 810 2845 deus.
824 2801 923 2864 parce
947 2783 1197 2849 metuentibus,
1214 2787 1396 2868 propitiare

302 2869 532 2952 supplicibus,
551 2877 585 2932 et
610 2869 745 2932 mittere
769 2870 918 2951 digneris
942 2879 1095 2932 sanctum
1120 2872 1277 2953 angelum
1300 2884 1396 2937 tuum

187 2959 230 3022 de
260 2956 339 3034 celis
363 2957 445 3038 ‚qui
476 2955 654 3019 benedicat
691 2964 725 3019 et
756 2956 942 3020 sanctificet
972 2957 1099 3020 cineres
1129 2959 1239 3022 istos.
1262 2970 1299 3024 ut
1329 2961 1396 3025 sint

187 3045 371 3110 remedium
398 3043 531 3106 salubre
558 3043 715 3105 omnibus
742 3063 865 3106 nornen
892 3053 988 3106 tuum
1013 3043 1184 3108 humiliter
1213 3046 1395 3128 imploran-

186 3134 277 3197 tibus
293 3151 351 3196 .ac
376 3131 575 3212 semetipsos
599 3150 660 3211 pro
683 3130 888 3194 conscientia
911 3131 1110 3194 delictorum
1134 3153 1270 3196 suorum
1298 3155 1393 3198 accu-

187 3220 339 3284 santibus
356 3265 364 3281 .
380 3227 481 3299 atque
512 3217 545 3278 in
576 3214 773 3301 conispectu
798 3219 913 3280 diuine
940 3217 1118 3282 clementie
1142 3229 1199 3282 tue
1223 3216 1298 3306 [fol.
1320 3238 1393 3285 100.

189 3308 336 3371 facinora
358 3325 419 3368 sua
445 3305 699 3386 deplorantibus
723 3352 731 3368 .
754 3304 806 3367 uel
834 3306 1083 3368 serenissimam
1110 3307 1273 3387 pietatem
1300 3317 1394 3370 tuam

188 3392 382 3476 suppliciter
423 3393 616 3472 obnixeque
657 3390 922 3473 flagitantibus.
952 3402 1065 3474 presta
1109 3413 1291 3476 quesumus
1336 3414 1397 3476 per

187 3480 436 3544 inuocationem
460 3480 661 3542 sanctissimi
686 3479 831 3541 nominis
856 3479 904 3541 tui
929 3490 966 3542 ut
988 3482 1192 3562 quicumque
1215 3501 1273 3543 eos
1296 3502 1396 3563 super

188 3589 225 3631 se
240 3567 441 3649 asperserint
456 3585 516 3648 pro
532 3567 763 3647 redemptione
785 3575 999 3648 peccatorum
1017 3616 1025 3632 .
1042 3569 1189 3649 corporis
1212 3569 1394 3631 sanitatem

189 3665 224 3719 et
248 3655 360 3730 anime
384 3653 527 3717 tutelam
553 3653 740 3735 percipiant
756 3701 762 3716 .
781 3673 851 3734 per.

261 3823 346 3886 Post
364 3822 420 3886 lwc
443 3823 616 3886 misceatur
637 3823 692 3886 sel
710 3833 740 3885 et
760 3823 844 3886 cinis
857 3823 988 3906 satiens
1009 3845 1132 3887 crucem
1155 3833 1204 3888 ter
1225 3836 1322 3910 super

458 3911 561 3991 ipsam
584 3930 705 3991 aquam
727 3918 760 3972 et
779 3909 868 3973 dicat
887 3911 971 3974 lianc
991 3912 1175 3976 orationem.

198 4047 331 4172 DEus
361 4046 486 4110 inuicte
516 4046 649 4110 uirtutis
680 4056 796 4111 auctor
819 4094 827 4110 .
850 4057 886 4111 et
916 4047 1147 4130 inseparabilis
1176 4048 1306 4131 imperii
1337 4069 1397 4112 rex

305 4154 344 4198 ac
374 4153 507 4216 semper
534 4131 731 4215 magnificus
758 4134 983 4216 triumphator
1007 4181 1015 4196 .
1038 4135 1096 4216 qui
1122 4137 1264 4212 aduerse
1290 4136 1399 4199 domi·

192 4221 337 4288 nationis
358 4221 444 4284 uires
465 4220 638 4302 reprimis.
655 4222 712 4303 qui
735 4221 861 4284 inimici
882 4221 1044 4302 rugientis
1065 4221 1219 4285 seuitiam
1236 4243 1397 4304 superas,

191 4312 248 4394 qui
271 4308 409 4372 hostiles
432 4307 598 4388 nequitias
621 4320 743 4389 potens
767 4327 974 4389 expugnas.
997 4318 1031 4371 te
1054 4310 1189 4371 domine
1217 4317 1398 4372 trementes

192 4409 225 4462 et
248 4395 414 4478 supplices
437 4393 681 4476 deprecamur.
699 4414 738 4457 ac
761 4395 980 4477 petimus.ut
1001 4395 1087 4458 hanc
1111 4406 1298 4460 creaturam
1319 4397 1399 4460 salis

192 4494 226 4549 et
256 4502 342 4567 aque
373 4482 552 4564 dignanter
582 4480 751 4564 accipias.
774 4483 940 4564 benignus
979 4482 1157 4547 inlustres.
1175 4484 1311 4565 pietatis
1340 4494 1399 4549 tue
