3375 5250
313 415 358 465 116
536 419 592 467 DE
614 420 744 469 SACRIS
768 420 980 469 ORDINIBUS
999 418 1302 469 BENEDICENDIS.

369 604 418 667 Et
438 604 552 669 tradat
572 606 604 669 ei
623 605 778 669 diaconus
799 606 941 670 hostium
963 604 1090 689 eclesie.
1105 603 1288 669 Benedictio
1309 601 1469 666 instiarii.

317 761 470 887 DEum
509 774 639 845 patrem
678 730 945 849 omnipotentem
991 764 1186 847 suppliciter
1230 767 1469 846 deprecemur.
1487 773 1526 825 ut

426 851 516 915 hunc
539 852 701 915 famulum
729 873 827 916 suum
856 853 890 915 ill
910 852 1131 917 .benedicere
1161 852 1340 933 dignetur.
1357 870 1456 933 quem
1489 851 1523 912 in

312 938 457 1002 officium
481 939 632 1003 hostiarii
651 940 772 1022 eligere
793 941 953 1021 dignatus
971 949 1046 1005 est.
1062 949 1099 1003 ut
1117 939 1161 1001 sit
1180 940 1210 1002 ei
1231 938 1424 1002 fidelissima
1444 957 1525 1000 cura

312 1028 345 1088 in
377 1028 479 1090 domo
509 1026 563 1089 dei
594 1027 712 1090 diebus
742 1048 782 1091 ac
813 1027 968 1091 noctibus
984 1075 991 1092 .
1007 1029 1051 1089 ad
1083 1026 1332 1089 distinctionem
1365 1026 1522 1088 horarum

310 1123 499 1177 certarum.
517 1114 559 1177 ad
588 1114 815 1178 inuocandum
847 1133 970 1177 nomen
1001 1114 1153 1177 domini.
1170 1113 1354 1176 adiuuante
1384 1112 1522 1176 domino

309 1201 375 1263 deo
405 1209 521 1265 nostro
544 1201 637 1263 ihesu
662 1201 877 1284 christo.qui
901 1221 978 1265 cum
1010 1220 1051 1263 eo
1074 1201 1159 1264 uiuit
1182 1210 1217 1264 et
1240 1209 1359 1284 regnat
1381 1202 1463 1262 deus
1487 1199 1542 1277 in,

311 1287 450 1352 unitate.

869 1450 961 1515 Alia.

311 1586 325 1671 l
397 1586 521 1652 Omine
537 1587 700 1665 sanctae†
716 1599 812 1671 pater
823 1590 1039 1671 omnipotens
1052 1586 1234 1664 aeternae†
1250 1588 1333 1650 deus
1350 1585 1524 1669 [lol.134v.

440 1674 636 1738 benedicere
658 1677 804 1758 digneris
825 1677 913 1739 hunc
935 1675 1098 1740 famulum
1119 1688 1213 1738 tuum
1238 1673 1521 1737 ill.hostiarium.

312 1772 349 1827 ut
379 1762 467 1825 inter
497 1762 655 1826 ianitores
685 1763 846 1827 ecclesiae
876 1773 993 1845 pareat
1023 1763 1209 1844 obsequio.
1226 1771 1260 1825 et
1291 1762 1378 1824 inter
1400 1761 1524 1824 electos

311 1864 388 1913 tuos
412 1858 543 1932 partem
560 1869 640 1912 suae
664 1861 831 1914 mereatur
854 1851 977 1914 habere
1001 1850 1164 1915 mercedis
1181 1898 1188 1912 .
1205 1868 1264 1931 per
1286 1847 1470 1912 dominum.

553 2124 636 2191 ΗΜ.
663 2125 822 2191 ῦκΑουε
846 2126 1069 2191 Ononmmo
1093 2139 1286 2192 an‘roms.

379 2289 479 2353 Ector
509 2310 580 2351 cnm
614 2286 790 2352 ordinatur
821 2288 937 2371 faciat
966 2284 1007 2350 de
1037 2287 1094 2351 illo
1126 2286 1260 2350 nerbnm
1293 2288 1450 2370 episcopus
1481 2285 1531 2349 ad

414 2375 560 2457 plebem.
578 2376 728 2438 indicans
759 2374 829 2437 eins
855 2374 959 2459 fidem
996 2395 1035 2437 oc
1065 2375 1172 2438 nitam
1188 2423 1195 2438 .
1211 2382 1308 2456 atque
1336 2373 1524 2455 ingenium.

309 2462 489 2613 prisncaecelc
503 2471 670 2613 esthtcnte
683 2462 792 2545 plebe.
809 2464 925 2525 tradat
944 2462 976 2525 ei
995 2460 1128 2525 codicem
1151 2459 1190 2525 de
1212 2482 1273 2543 qno
1295 2463 1434 2525 lectnrns
1455 2466 1525 2522 est.

313 2789 481 2915 ACcipe
515 2799 549 2854 et
579 2800 652 2855 esto
684 2791 776 2854 uerbi
807 2791 862 2854 dei
893 2791 1038 2854 relator.
1055 2789 1230 2853 habiturus
1260 2789 1288 2851 si
1319 2787 1461 2852 fideliter
1490 2796 1524 2849 et

330 2909 332 2912 ·
421 2876 549 2941 utiliter
578 2877 770 2960 impleueris
801 2877 948 2941 officium
983 2888 1102 2941 tuum.
1119 2887 1249 2959 partem
1281 2895 1356 2938 cum
1387 2874 1439 2937 his
1469 2875 1526 2956 qui

311 2967 452 3030 uerbum
494 2965 549 3028 dei
587 2965 863 3029 ministrauerunt
884 3014 891 3028 .
916 2964 1046 3046 eligunt
1082 2973 1117 3027 te
1155 2963 1273 3026 iratres
1310 2963 1386 3026 tui.
1406 2971 1444 3025 ut
1479 2963 1525 3024 sis

312 3055 416 3117 lector
439 3054 472 3114 in
495 3052 598 3117 domo
621 3053 675 3115 dei
699 3051 770 3116 tui.
787 3062 821 3115 et
840 3052 986 3116 officium
1007 3062 1104 3116 tuum
1125 3070 1313 3133 agnoscas.
1331 3058 1365 3113 et
1383 3048 1524 3129 impleas

312 3141 395 3204 illud
412 3187 419 3202 .
435 3148 555 3220 potens
589 3149 640 3203 est
674 3141 764 3202 enim
796 3141 880 3204 deus
914 3149 951 3203 ut
988 3148 1111 3220 augeat
1152 3138 1212 3200 tibi
1250 3137 1393 3220 gratiam
1410 3185 1417 3199 .
1434 3135 1525 3216 quod

313 3230 384 3309 ipse
407 3234 556 3308 prestare
580 3227 760 3309 dignetur.
779 3228 835 3308 qui
859 3246 935 3289 cum
959 3236 1063 3308 patre.

757 3487 939 3552 Benedictio
956 3486 1089 3550 lectoris.

315 3638 329 3724 s
336 3637 524 3762 DOmine
540 3635 699 3738 sanctael
715 3645 811 3736 pater
825 3636 1041 3716 omnipotens
1057 3630 1239 3708 aeternae†
1254 3632 1337 3732 deus
1348 3682 1356 3695 .
1367 3627 1439 3716 [fol.
1454 3649 1466 3733 i
1473 3644 1523 3712 35.

444 3725 641 3787 benedicere
665 3725 813 3805 digneris
839 3723 927 3785 hunc
952 3721 1115 3784 famulum
1137 3729 1235 3783 tuum
1258 3718 1354 3783 rl.1n
1378 3718 1523 3782 officium

316 3811 472 3876 lectorio.
490 3820 528 3875 ut
550 3811 747 3874 assiduitate
771 3811 952 3872 lectionum
976 3808 1154 3872 distinctus
1184 3815 1286 3888 atque
1314 3815 1451 3869 omatus
1466 3852 1475 3869 .
1491 3818 1525 3867 et

316 3900 449 3982 agenda
472 3900 562 3963 dicat
578 3948 585 3961 .
602 3908 636 3962 et
658 3891 750 3962 dicta
772 3916 875 3981 opere
897 3895 1088 3978 compleat.
1105 3903 1139 3958 et
1162 3895 1195 3956 in
1220 3903 1362 3975 utroque
1389 3903 1526 3956 sanctae

317 3987 475 4052 ecclesiae
499 3986 674 4050 consulat.
691 4005 759 4068 per.

496 4269 665 4333 Tuumus
689 4281 839 4332 cunnus
858 4314 866 4330 .
886 4266 1108 4331 Onomnmo
1131 4279 1353 4354 uxonc1srp.

318 4417 551 4550 EXorcista
572 4436 645 4480 cnm
669 4414 845 4479 ordinetur
860 4464 867 4479 .
883 4415 1019 4496 accipent
1043 4413 1084 4478 de
1106 4435 1206 4478 mann
1232 4414 1364 4498 episcopi
1385 4415 1527 4479 libellum

436 4507 471 4570 in
493 4525 553 4588 qno
576 4503 689 4586 scripti
708 4513 787 4566 snnt
806 4502 997 4566 exorcismi.
1014 4501 1134 4566 dicente
1155 4502 1222 4567 sibi
1241 4502 1385 4586 episcopo.
