3375 5250
532 412 788 463 CONSECRATIO
808 413 1027 462 ECCLESIAE.
1360 416 1390 471 75

232 575 281 639 Ut
302 584 424 640 cuncto
447 576 573 660 populo
595 577 777 642 christiano
798 597 916 660 pacem
940 586 973 641 et
997 574 1255 640 unanimitatem
1279 583 1389 639 custo-

185 662 257 726 dire
280 672 314 727 et
337 662 556 728 conseruarel
578 666 724 747 digneris
748 675 781 728 te
804 685 971 747 rogamus.

229 750 280 815 Ut
314 752 608 833 congregationem
639 750 739 815 istam
774 752 808 816 in
846 761 964 816 sancta
997 750 1158 834 religione
1191 769 1387 815 conseruare

185 836 331 918 digneris
348 888 355 903 .
372 848 406 902 te
428 859 595 921 rogamus.

229 924 293 987 Fili
316 926 392 989 dei.
409 934 443 989 te
465 946 631 1009 rogamus.
729 926 852 1008 Agnus
875 925 952 991 dei.
970 926 1132 989 miserere.

228 1010 349 1095 Agnus
372 1014 426 1076 dei
442 1062 449 1077 .
465 1014 556 1077 dona
579 1014 684 1079 nobis.
729 1013 854 1096 Agnus
876 1014 930 1077 dei
947 1062 955 1078 .
972 1032 1081 1095 parce.

230 1098 362 1164 Christe
384 1101 462 1164 audi
486 1120 557 1165 nos.
604 1102 727 1183 Kyrrie
749 1102 885 1165 eleison.
933 1099 1066 1165 Christe
1089 1098 1168 1163 audi
1192 1119 1263 1164 nos.

226 1271 343 1336 Finita
365 1293 439 1337 nero
460 1273 520 1337 leae
539 1274 663 1338 letania
688 1273 819 1338 duntur
840 1274 881 1337 ab
909 1273 1044 1357 episcopo
1073 1273 1149 1337 leaeo
1177 1273 1304 1339 oratio.
1321 1274 1387 1337 Do·

184 1358 294 1422 mium
314 1360 475 1424 nobiscum
490 1410 497 1427 .
514 1360 565 1425 Et
584 1382 657 1425 eum
679 1362 809 1443 spiritu.

190 1482 414 1609 PReueniat
437 1505 497 1549 nos
520 1506 702 1568 quesumus
729 1486 866 1549 domine
889 1484 1115 1548 misericordia
1140 1494 1201 1548 tua
1227 1493 1262 1549 et
1285 1485 1388 1549 inter-

291 1572 487 1636 cedentibus
509 1574 664 1637 omnibus
683 1574 808 1637 sanctis
826 1573 912 1637 tuis.
927 1592 1025 1636 uoces
1049 1582 1180 1637 nostras
1204 1572 1385 1637 clementia

184 1665 242 1735 tue
262 1660 511 1742 propitiationis
534 1659 717 1743 anticipet.
735 1681 796 1744 per
817 1660 1006 1724 dominum.
1314 1688 1317 1696 ·

767 1850 860 1915 Alia.

184 1956 422 2083 AScendant
445 1962 489 2025 ad
512 1971 546 2026 te
569 1963 716 2064 domine⁰
729 1983 843 2045 preces
871 1969 1004 2025 nostrae
1020 2010 1028 2027 .
1044 1971 1078 2025 et
1101 1962 1145 2025 ab
1166 1961 1288 2025 eclesia
1306 1959 1388 2025 tua2

292 2058 447 2112 cunctam
471 2050 594 2132 repelle
616 2052 800 2132 nequitiam
818 2100 824 2113 .
842 2070 910 2131 per.

228 2233 278 2297 Et
299 2235 506 2316 ingrediatur
527 2259 613 2302 nnus
633 2260 674 2303 cn·
692 2238 879 2303 diaconibus
900 2239 994 2321 insra
1015 2236 1157 2303 eclesiam
1169 2286 1176 2301 .
1188 2246 1220 2301 et
1239 2235 1391 2301 claudens

183 2318 324 2383 luistinm
346 2333 410 2387 stet
436 2334 512 2388 ante
541 2326 645 2406 ipsum
662 2377 669 2389 .
684 2326 782 2390 ceteri
808 2348 915 2389 omnes
936 2339 999 2410 pro
1019 2324 1155 2408 foribus
1177 2333 1386 2388 remaneant.

185 2416 261 2470 tunc
274 2410 445 2493 pontifex.
461 2410 605 2475 accedens
633 2413 682 2476 ad
705 2413 847 2477 hostium
877 2414 984 2493 eclesie
1012 2412 1146 2494 incipiat
1177 2411 1387 2494 antiphonam

187 2493 332 2559 *Tollite
355 2506 468 2579 portas
492 2500 658 2581 principes
677 2511 805 2563 uestras
825 2511 858 2563 et
879 2500 1057 2563 eleuamini
1079 2508 1174 2580 porte
1193 2496 1387 2563 eternales*

185 2581 236 2645 Et
263 2582 381 2647 iterum
412 2586 587 2650 circumeat
613 2588 754 2652 eclesiam
775 2638 782 2654 .
805 2586 1017 2670 uersificando
1039 2587 1205 2670 psalmum
1226 2637 1232 2650 .
1250 2585 1391 2650 Domini

184 2678 233 2732 est
253 2680 362 2736 terra.
380 2693 539 2755 usquequo
560 2672 686 2759 luencat
705 2675 752 2739 ad
769 2676 911 2740 leostium
927 2675 1186 2758 percutiensque
1228 2672 1298 2756 [sol.
1313 2672 1386 2756 96v.

184 2757 219 2818 in
244 2758 370 2840 primis
399 2769 449 2822 ter
483 2783 554 2824 oum
585 2764 685 2846 uirga
703 2770 776 2834 lsua
814 2765 919 2846 ipsum
953 2762 1093 2826 leostinm
1124 2760 1214 2824 dicat
1245 2760 1387 2824 directe.

189 2843 305 2908 Tollite
323 2857 440 2928 portas
461 2849 624 2932 principes
648 2859 774 2914 orostras
802 2861 834 2914 ct
861 2849 1035 2914 cleuamini
1054 2858 1151 2930 porte
1177 2849 1330 2911 eternales
1357 2859 1389 2912 ct

183 2931 334 2996 introibit
353 2955 415 2997 rex
432 2936 559 3021 gloriq.
576 2937 780 3020 Respondeat
800 2939 952 3001 minister
974 2938 1067 3019 insra
1095 2945 1212 2998 stans.
1237 2935 1320 3013 Quis
1342 2946 1389 2997 est

184 3017 246 3081 istc
265 3040 326 3083 rex
343 3022 471 3106 gloriq.
488 3023 661 3106 Episcopus
689 3025 824 3088 secundo
852 3025 1028 3088 circumeat
1054 3023 1197 3086 eclesiam
1221 3019 1388 3103 psallendo

183 3127 299 3170 uersus
319 3108 460 3172 ciusdem
475 3110 602 3191 psalmi
622 3113 680 3192 qui
697 3121 871 3194 supersunt
889 3132 961 3174 cum
981 3109 1157 3193 antiplmna
1177 3107 1386 3190 supradicta.

184 3192 388 3275 quoadusque
409 3197 521 3260 ueniat
542 3197 591 3259 ad
604 3198 744 3262 hostium
767 3199 855 3280 qccod
875 3199 973 3280 prius
988 3248 994 3261 .
1005 3198 1247 3280 percutiensque
1267 3196 1385 3258 iterum

185 3279 285 3362 ipsud
302 3281 443 3346 lcostium
466 3283 556 3347 dicat
574 3285 705 3350 directe.
721 3287 837 3350 Tollite
852 3295 969 3366 portas
989 3295 1026 3347 ut
1046 3295 1147 3363 supra
1162 3333 1168 3346 .
1184 3293 1215 3346 et
1237 3283 1388 3346 minister

185 3369 393 3449 respondeat.
413 3371 497 3449 Quis
517 3380 565 3434 est
586 3373 646 3435 iste
668 3382 706 3436 ut
724 3385 824 3456 supra
840 3374 985 3436 .Iterum
1005 3371 1099 3434 tertio
1120 3372 1295 3434 circumeat
1313 3370 1387 3432 ecle-

185 3455 269 3518 siam
295 3456 463 3538 psallendo
494 3458 582 3539 quod
608 3468 751 3544 superest
778 3459 920 3524 eiusdem
951 3459 1078 3541 psalmi
1106 3478 1178 3520 cum
1210 3455 1388 3538 antiplona

184 3542 389 3624 supradicta.
403 3566 464 3627 quo
478 3545 607 3626 psalmo
625 3548 830 3630 expletorem
848 3547 1024 3628 antiplona
1042 3555 1136 3609 stans
1154 3553 1231 3607 ante
1246 3542 1387 3607 leostium

187 3631 281 3692 tertio
293 3633 458 3712 percutiat
479 3633 576 3714 ipsud
592 3634 732 3698 hostium
755 3635 902 3715 dicatque
922 3633 1059 3696 directe.
1081 3632 1198 3696 Tollite
1214 3640 1329 3714 portas
1350 3639 1389 3693 ut

185 3727 284 3798 supra
320 3728 351 3782 et
386 3719 539 3782 diaconus
569 3720 776 3804 respondeat.
793 3723 867 3803 quis
902 3731 951 3784 cst
980 3721 1041 3784 istc
1075 3740 1135 3782 rex
1158 3718 1288 3802 gloriq.
1313 3727 1389 3780 tunc

186 3806 292 3867 omnis
313 3807 417 3868 clerus
438 3828 510 3869 curn
536 3809 672 3890 episcopo
695 3810 881 3891 respondeat
905 3807 1032 3872 dicem.
1049 3806 1202 3870 domium
1223 3806 1386 3869 uirtutum

185 3892 252 3974 ipsc
277 3900 327 3955 est
353 3914 411 3955 rer
435 3895 542 3978 gloriq
562 3944 569 3958 .
593 3905 625 3959 ct
651 3897 764 3959 statim
793 3895 948 3958 diaconus
968 3895 1097 3978 aperiat
1123 3893 1264 3956 lcostium
1282 3940 1289 3956 .
1304 3891 1388 3954 lanc

184 3979 359 4042 orationem
374 3990 449 4044 ante
463 3981 604 4045 hostium
619 3983 755 4065 episcopo
769 3982 906 4046 dicente.
920 3983 1085 4045 Dominus
1098 3980 1260 4045 nobiseum
1272 4029 1278 4042 .
1292 3979 1326 4053 Ba
1342 3978 1390 4042 Et

183 4086 255 4129 cum
277 4067 395 4149 spiritu
418 4075 493 4132 luo.
514 4069 660 4134 Oremns.

193 4189 382 4314 DOmum
420 4201 513 4255 tuam
551 4213 732 4276 quesumus
762 4193 900 4257 domine
930 4191 1112 4255 clementer
1141 4192 1338 4272 ingredere.
1356 4199 1389 4252 et

298 4276 347 4363 sin
382 4289 514 4342 tuorum
547 4281 608 4344 tibi
640 4281 795 4344 cordibus
828 4279 977 4343 fidelium
1011 4286 1207 4361 perpetuam
1242 4277 1311 4361 [fol.
1336 4292 1387 4356 97.

219 4401 226 4430 ¹
244 4403 300 4452 The
319 4405 389 4453 word
406 4405 500 4468 largire
519 4406 540 4455 is
563 4406 672 4456 inserted
694 4410 774 4458 above
797 4408 840 4458 the
856 4407 908 4457 line
925 4407 959 4470 by
979 4423 994 4456 a
1011 4406 1075 4456 later
1090 4406 1168 4468 hand,
1187 4405 1312 4471 probably
1331 4422 1358 4454 as
1375 4422 1391 4454 a

185 4469 324 4517 correction
337 4469 375 4518 lor
386 4471 507 4520 crestodire
517 4478 542 4520 et
550 4489 700 4523 conscmare.

216 4532 227 4560 ²
243 4535 291 4582 iste
303 4534 324 4583 is
335 4535 433 4584 written
445 4537 525 4587 above
537 4537 588 4588 this
599 4537 678 4587 word.
