3375 5250
598 435 917 485 BENEDICTIONES
936 435 1193 486 EPISCOPALES.

465 654 701 720 Bruaurcaro
724 669 768 718 ru
793 668 946 719 unsrun
971 653 1124 718 Snucra
1153 652 1318 737 Cncrmp.

295 812 559 940 OMnipotens
589 818 672 881 deus
702 827 889 880 uestrorum
914 815 1065 879 cordium
1094 814 1240 877 archana
1270 810 1446 894 purificet.
1464 818 1499 871 et

405 901 649 966 benedictionis
665 924 725 981 sue
740 903 837 967 uobis
857 902 983 966 tribuat
999 902 1227 965 incrementa.
1246 898 1263 980 l
1266 899 1322 982 qui
1340 896 1410 980 [sol.
1425 896 1498 960 60v.

292 987 454 1052 hodierna
492 990 546 1052 die
583 1001 700 1068 sancte
729 990 843 1068 cecilie
874 989 1093 1054 sestiuitatem
1127 989 1251 1052 deuote
1286 985 1383 1049 uobis
1421 1003 1500 1047 con·

292 1075 382 1138 cedit
404 1076 579 1140 celebrare.
624 1078 741 1142 Amen.

334 1161 394 1225 Ab
422 1164 578 1227 omnibus
604 1165 675 1228 eius
703 1165 997 1228 intercessionibus
1028 1164 1118 1229 uitae
1148 1160 1313 1245 presentis
1344 1156 1499 1241 periculis

292 1249 465 1313 exuamini
489 1299 496 1316 .
519 1260 553 1315 et
600 1253 762 1317 uirtutum
809 1251 1009 1335 spiritalium
1050 1249 1257 1315 ornamentis
1300 1244 1499 1310 induamini.

291 1335 409 1401 Amen.
1082 1417 1085 1421 Ι

337 1423 415 1506 Quo
438 1424 525 1488 illius
550 1426 718 1491 adiutorio
749 1425 823 1489 fulti
847 1427 893 1489 sic
917 1427 1056 1489 domino
1086 1425 1239 1490 seruiatis
1263 1423 1297 1486 in
1324 1420 1443 1484 terris.
1462 1428 1500 1481 ut

293 1509 323 1571 ei
346 1511 504 1594 coniungi
528 1514 669 1577 ualeatis
692 1515 725 1576 in
750 1515 859 1577 caelis.
904 1514 1024 1578 Amen.

336 1597 437 1680 Quod
461 1601 532 1681 ipse
555 1613 705 1683 prestare
727 1603 893 1683 dignetur.

440 1851 679 1918 Beuumcrro
703 1867 744 1916 1u
766 1866 919 1917 urania
944 1852 1089 1917 Snucm
1114 1851 1349 1917 Cununurrs.

294 2019 558 2147 OMnipotens
577 2025 660 2087 deus
683 2025 900 2087 deuotionem
924 2033 1071 2088 uestram
1090 2022 1242 2104 placatus
1263 2043 1396 2107 semper
1416 2025 1500 2087 acci·
1563 2062 1565 2068 ·

404 2111 476 2191 piat
492 2120 546 2175 ‚et
570 2112 814 2175 interueniente
833 2111 934 2174 beato
954 2112 1118 2174 clemente
1142 2119 1289 2192 martyre
1316 2131 1378 2174 suo
1393 2161 1400 2174 .
1417 2131 1499 2193 que-

291 2215 435 2278 cumque
465 2198 509 2260 ab
539 2218 580 2261 eo
610 2199 860 2281 postulaueritis
891 2198 1074 2261 clementer
1102 2198 1266 2261 concedat
1281 2246 1288 2261 .
1304 2206 1339 2261 et
1368 2198 1498 2280 premia

291 2293 428 2347 aeterna
452 2304 519 2347 non
544 2286 699 2367 deneget.
743 2286 861 2349 Amen.

337 2369 484 2434 Auferat
510 2393 531 2434 a
559 2372 655 2436 uobis
682 2373 796 2436 omnia
823 2372 914 2435 mala
938 2393 1026 2455 quae
1050 2371 1200 2454 gessistis
1215 2419 1223 2436 .
1240 2369 1379 2454 eiusque
1402 2373 1503 2437 inter·

292 2459 442 2520 cessione
463 2460 591 2522 tribuat
614 2460 727 2522 omnia
750 2460 839 2522 bona
862 2480 948 2542 quae
968 2460 1011 2522 ab
1031 2480 1071 2522 eo
1091 2458 1282 2541 deposcitis.
1328 2459 1447 2523 Amen.

336 2544 416 2609 Sitis
446 2566 578 2630 semper
608 2547 641 2609 in
679 2548 743 2610 hoc
776 2548 889 2610 seculo
924 2546 1092 2610 benedicti
1110 2596 1116 2610 .
1134 2556 1167 2609 et
1201 2545 1245 2609 ab
1279 2547 1370 2608 omni
1406 2546 1496 2610 malo

292 2634 457 2696 maneatis
488 2635 661 2699 inlesi.ut
691 2635 735 2698 ab
766 2636 839 2717 ipso
871 2636 923 2720 lin
955 2634 1077 2698 iudicio
1114 2632 1308 2699 mereamini
1340 2630 1412 2719 [fol.
1446 2634 1497 2698 61.

291 2718 452 2783 benedici.
497 2720 617 2786 Amen.

335 2805 436 2888 Quod
461 2808 533 2889 ipse
556 2819 705 2891 prestare
727 2809 894 2893 dignetur.
941 2810 1059 2873 Amen.

503 3074 549 3138 IN
570 3088 719 3139 urcmm
742 3073 886 3141 Snucrr
910 3074 1076 3157 Annuus„
1098 3088 1290 3141 nposrom.

294 3221 558 3349 OMnipotens
596 3228 678 3289 deus
720 3246 781 3290 sua
826 3247 888 3290 uos
926 3224 1159 3326 benedictione
1202 3222 1417 3325 locupletet.
1442 3224 1499 3323 qui

404 3312 541 3375 beatum
576 3314 735 3377 andream
766 3312 972 3396 apostolicae
1003 3313 1177 3395 dignitatis
1208 3330 1367 3394 preconio
1397 3310 1498 3373 subli-

291 3400 405 3464 mauit.
451 3399 568 3465 Amen.

336 3487 576 3570 Concedatque
601 3487 697 3550 uobis
728 3488 837 3570 ipsum
869 3487 993 3550 habere
1024 3488 1277 3550 intercessorem
1309 3484 1343 3547 in
1376 3483 1498 3547 caelis.

176 3639 179 3644 ⁴
290 3577 384 3639 cuius
406 3576 529 3638 deuote
551 3575 734 3656 preuenitis
757 3575 791 3637 in
810 3576 906 3638 terris
930 3575 1019 3636 diem
1043 3573 1310 3655 sollempnitatis
1356 3572 1474 3635 Amen.

338 3661 448 3745 Ipsius
478 3681 613 3744 quoque
644 3663 833 3726 interuentu
866 3662 997 3744 queatis
1024 3662 1184 3725 scandere
1211 3661 1281 3723 alta
1306 3658 1499 3722 caelorum.

290 3769 358 3832 quo
383 3748 544 3830 processit
566 3749 655 3811 idem
675 3768 734 3830 per
756 3750 863 3813 crucis
887 3749 1102 3832 passionem.
1119 3747 1293 3830 sequendo
1321 3746 1496 3810 dominum

289 3836 495 3917 magistrum.
539 3835 657 3900 Amen.

334 3922 435 4004 Quod
459 3923 531 4004 ipse
554 3932 703 4005 prestare
726 3921 1010 4005 dignetur.cuius
1028 3942 1178 4005 regnum.

578 4182 623 4244 lu
648 4196 801 4245 NATALE
824 4197 995 4248 musuEM
1019 4196 1211 4247 Anosrom.

294 4348 429 4475 DEus
452 4349 509 4431 qui
531 4349 668 4412 beatum
692 4351 851 4413 andream
875 4348 1065 4449 apostolum
1089 4369 1148 4449 petr
1171 4349 1362 4432 passionem
1392 4350 1499 4413 crucis

401 4436 445 4499 ad
467 4435 565 4499 sedes
595 4437 710 4500 euexit
740 4438 929 4500 aethereas
943 4440 1033 4521 srpse
1056 4435 1152 4500 uobis
1176 4437 1302 4500 tribuat
1335 4435 1406 4519 [sol.
1422 4438 1496 4499 61v.

289 4521 453 4586 bonorum
481 4542 621 4605 operum
647 4525 790 4586 eundem
817 4524 911 4605 sequi
940 4524 1098 4605 uestigiis.
1143 4524 1261 4587 Arnen.
