3375 5250
414 407 470 455 DE
491 406 621 456 SACRIS
644 406 852 456 ORDINIBUS
871 406 1172 457 BENEDJCENDIS.
1351 416 1398 468 119

196 566 324 691 VIde
356 567 449 631 cuius
487 567 708 631 ministerium
742 568 802 632 tibi
840 567 1012 633 traditur.
1037 578 1071 632 et
1108 568 1184 632 ideo
1222 568 1249 630 si
1289 586 1394 649 usque

306 674 394 718 nunc
417 653 507 718 fuisti
531 655 646 719 tardus
669 656 712 718 ad
736 654 914 719 eclesiam.
931 656 1055 718 amodo
1086 655 1189 718 debes
1218 674 1291 718 esse
1314 653 1394 717 assi-

195 742 303 806 duus.
324 742 353 804 si
383 762 488 824 usque
526 762 614 805 nunc
652 742 882 806 somnolentus
904 791 913 807 .
933 742 1057 806 amodo
1095 743 1175 825 uigil
1198 790 1206 807 .
1227 742 1255 804 si
1289 760 1394 823 usque
1488 797 1491 801 .

195 849 284 893 nunc
315 828 463 892 ebriosus
486 831 639 893 ,amodo
677 830 832 894 sobrius.
851 828 887 895 Si
918 850 1024 912 usque
1055 850 1143 893 nunc
1175 830 1394 893 inhonestuS.

195 914 319 979 amodo
365 925 476 979 castus
499 964 506 980 .
530 915 728 980 Oblationes
770 937 857 999 quae
895 919 1033 981 ueniunt
1072 918 1104 980 in
1141 916 1265 980 altari.
1289 934 1394 998 panes

195 1000 446 1086 prospositionis
478 1002 714 1086 appellantur.
731 1004 774 1067 de
805 1001 909 1087 ipsisl
938 1004 1165 1068 oblationibus
1200 1000 1272 1089 [sol.
1306 1018 1397 1082 137v.

194 1100 327 1153 tantum
351 1089 452 1153 debet
475 1092 508 1152 in
529 1090 626 1154 altari
650 1092 747 1171 poni.
762 1101 925 1173 quantum
950 1091 1076 1173 populo
1099 1094 1206 1173 possit
1225 1091 1393 1154 sufficere.

196 1197 239 1240 ne
269 1176 394 1259 aliquid
425 1177 597 1260 putridum
629 1178 663 1240 in
689 1179 831 1241 sacrario
858 1188 1055 1242 remaneat.
1071 1178 1180 1259 pallae
1207 1196 1287 1240 uero
1310 1195 1397 1258 quae

195 1265 228 1327 in
257 1264 478 1328 substratorio
509 1262 593 1328 fiunt
623 1266 656 1327 in
684 1266 750 1329 alio
781 1285 861 1328 uase
884 1265 1009 1329 debent
1031 1265 1159 1329 lauari.
1177 1265 1211 1327 in
1234 1264 1301 1328 alio
1324 1283 1397 1327 cor·

195 1350 325 1433 porales
355 1351 493 1433 pallae.
515 1351 572 1415 ubi
596 1351 705 1434 pallae
731 1353 921 1435 corporales
949 1352 1082 1416 lauatae
1115 1352 1237 1415 suerint
1266 1349 1395 1415 nullum

195 1437 284 1501 aliud
315 1438 521 1502 lintheamen
551 1438 676 1502 ibidem
708 1439 811 1502 lauari
839 1440 967 1504 debet.
987 1440 1066 1521 Ipsa
1092 1460 1180 1521 aqua
1206 1441 1240 1502 in
1270 1437 1399 1520 baptis·

193 1526 313 1588 terium
337 1524 438 1589 debet
460 1526 575 1607 uergi.
594 1526 669 1588 ideo
692 1535 726 1589 te
755 1547 933 1591 ammoneo
956 1537 993 1593 ut
1016 1528 1118 1591 talem
1149 1535 1184 1590 te
1210 1525 1395 1589 exhibeas.

196 1621 233 1676 ut
248 1612 379 1693 placere
394 1614 503 1695 possis
519 1613 591 1676 deo.

596 1839 777 1909 Benedictio
801 1843 999 1910 subdiaconi.

267 1995 394 2058 Remus
426 1995 526 2059 deum
565 2015 604 2057 ac
642 1995 817 2059 dominum
856 2005 1037 2061 nostrum.
1060 2007 1097 2060 ut
1131 2017 1231 2079 super
1264 2013 1398 2058 seruum

309 2102 405 2145 suum
430 2101 529 2163 quem
560 2083 602 2146 ad
634 2083 893 2147 subdiaconatus
924 2083 1067 2147 officium
1099 2104 1219 2147 uocare
1243 2083 1400 2164 diguatus

196 2180 247 2235 est
270 2217 277 2232 .
298 2169 453 2232 infundat
486 2169 753 2233 benedictionem
792 2180 826 2234 et
860 2171 1002 2251 gratiam
1041 2191 1136 2234 suam
1175 2180 1212 2234 ut
1250 2170 1283 2231 in
1322 2188 1401 2231 con-

197 2267 313 2341 spectu
336 2276 398 2320 suo
417 2255 559 2320 fideliter
583 2257 729 2319 seruiens
748 2306 755 2321 .
774 2258 1002 2340 predestinata
1022 2260 1148 2321 sanctis
1172 2257 1300 2339 premia
1323 2276 1401 2337 con·

196 2354 355 2427 sequatur
372 2393 380 2407 .
397 2344 582 2406 auxiliante
612 2344 751 2407 domino
782 2355 897 2409 nostro
935 2345 1029 2408 ihesu
1067 2345 1213 2408 christo.
1232 2344 1288 2426 qui
1322 2362 1399 2406 cum

196 2453 237 2495 eo
260 2432 344 2495 uiuit
367 2440 400 2493 et
424 2440 541 2510 regnat
564 2431 646 2494 deus
670 2434 703 2493 in
727 2432 857 2495 unitate
879 2432 1014 2514 spiritus
1037 2434 1153 2497 sancti.

755 2682 850 2749 Alta.

269 2834 392 2899 Omine
408 2836 561 2912 sanctae't
573 2844 668 2917 pater
680 2839 893 2918 omnipotens
906 2839 1077 2916 aeternae†
1090 2837 1172 2900 deus
1184 2832 1345 2920 she-[loll
1352 2833 1402 2912 38.

311 2922 463 2984 nedicere
486 2923 632 3004 digneris
655 2922 744 2986 hunc
768 2924 929 2988 famulum
953 2934 1048 2987 tuum
1073 2924 1107 2986 ill
1121 2943 1237 3006 ‚quem
1258 2923 1301 2984 ad
1325 2919 1402 2983 sub-

198 3011 394 3074 diaconatus
418 3008 561 3072 officium
592 3030 713 3073 uocare
736 3013 895 3093 dignatus
918 3033 954 3074 es
985 3014 1034 3075 uti
1061 3032 1138 3074 eum
1169 3010 1313 3072 sacrario
1343 3016 1403 3070 tuo

199 3106 316 3161 sancto
348 3105 520 3159 strenuum
548 3095 793 3180 sollicitumque
823 3099 959 3163 caelesti
986 3099 1124 3162 militiae
1157 3099 1314 3160 instituas
1336 3143 1345 3160 .
1367 3103 1403 3154 et

198 3185 321 3248 sanctis
359 3182 519 3247 altaribus
557 3181 699 3248 fideliter
736 3186 995 3250 subministret.
1016 3196 1049 3249 et
1088 3184 1273 3267 requiescat
1302 3200 1403 3262 super

198 3292 274 3335 eum
298 3270 432 3351 spiritus
456 3270 640 3352 sapientiae
663 3281 697 3335 et
720 3273 1075 3356 intellectuS.spiritus
1098 3271 1227 3335 consilii
1250 3279 1285 3332 et
1308 3268 1400 3331 forti-

198 3359 324 3422 tudinis
343 3407 349 3420 .
369 3357 504 3438 spiritus
542 3359 701 3422 scientiae
738 3373 772 3422 et
813 3362 974 3442 pietatis.
995 3360 1124 3441 repleas
1166 3379 1243 3421 eum
1285 3354 1403 3438 spiritu

197 3445 326 3508 timoris
353 3444 427 3508 tui.
446 3453 479 3507 et
504 3464 580 3507 eum
613 3445 798 3510 ministerio
825 3449 941 3511 diuino
971 3446 1147 3511 confirmes
1178 3455 1215 3508 ut
1243 3443 1403 3506 obediens

198 3533 427 3613 fact0.atque
465 3530 555 3594 dicto
593 3553 737 3615 parens.
761 3544 854 3598 tuam
892 3536 1036 3619 gratiam
1074 3541 1325 3615 consequatur.
1346 3548 1406 3611 per

198 3618 379 3683 dominum.

447 3925 520 3989 Vtut
547 3924 704 3990 Gnnous
723 3976 730 3991 .
749 3941 964 3994 ouoiunmo
988 3939 1160 3991 umcour.

278 4074 414 4137 laconis
442 4096 514 4137 crim
541 4076 738 4140 ordinatur.
753 4079 840 4140 soliis
869 4079 1026 4160 episcopus
1051 4075 1110 4156 qui
1134 4093 1207 4137 eum
1234 4068 1409 4135 benedicit.

322 4182 457 4224 inanimi
486 4172 581 4243 super
611 4173 707 4245 caput
735 4165 826 4228 illins
849 4175 972 4246 ponat.
990 4163 1109 4244 reliqui
1136 4181 1211 4223 uero
1236 4155 1411 4222 sacerdotes

201 4247 295 4312 iuxta
321 4269 454 4310 inanum
480 4251 613 4332 episcopi
640 4259 736 4333 caput
761 4252 853 4314 illius
878 4260 1039 4332 tangant.
1056 4248 1134 4331 quia
1158 4269 1220 4310 non
1241 4245 1289 4307 ad
1309 4263 1413 4307 sacer-

199 4334 325 4397 dotium
348 4336 406 4398 sed
424 4336 471 4398 ad
492 4337 709 4400 ministerium
731 4349 939 4402 consecratur.

509 4483 516 4512 ¹
536 4484 592 4534 The
605 4484 658 4534 first
669 4501 682 4534 s
694 4485 722 4534 ol
731 4486 782 4536 this
795 4487 866 4536 word
878 4486 925 4536 has
937 4483 1111 4550 disappeared.
