<?xml version="1.0" encoding="UTF-8"?>
<!DOCTYPE html PUBLIC "-//W3C//DTD XHTML 1.0 Transitional//EN"
    "http://www.w3.org/TR/xhtml1/DTD/xhtml1-transitional.dtd">
<html xmlns="http://www.w3.org/1999/xhtml" xml:lang="en" lang="en">
 <head>
  <title>
</title>
<meta http-equiv="Content-Type" content="text/html;charset=utf-8" />
  <meta name='ocr-system' content='tesseract 3.04.00' />
  <meta name='ocr-capabilities' content='ocr_page ocr_carea ocr_par ocr_line ocrx_word'/>
</head>
<body>
  <div class='ocr_page' id='page_1' title='image "benedictionalar00munigoog_0094.png"; bbox 0 0 3375 5250; ppageno 0'>
   <div class='ocr_carea' id='block_1_1' title="bbox 288 433 1192 493">
    <p class='ocr_par' dir='ltr' id='par_1_1' title="bbox 288 433 1192 493">
     <span class='ocr_line' id='line_1_1' title="bbox 288 433 1192 493; baseline 0.007 -15"><span class='ocrx_word' id='word_1_1' title='bbox 288 439 321 493; x_wconf 83' lang='lat'><strong>54</strong></span> <span class='ocrx_word' id='word_1_2' title='bbox 599 433 918 483; x_wconf 87' lang='lat' dir='ltr'><em>BENEDICTIONES</em></span> <span class='ocrx_word' id='word_1_3' title='bbox 933 434 1192 486; x_wconf 80' lang='lat' dir='ltr'><em>EPISCOPALES.</em></span> 
     </span>
    </p>
   </div>
   <div class='ocr_carea' id='block_1_2' title="bbox 290 590 1501 1371">
    <p class='ocr_par' dir='ltr' id='par_1_2' title="bbox 290 590 1497 935">
     <span class='ocr_line' id='line_1_2' title="bbox 334 590 1496 674; baseline -0.004 -19"><span class='ocrx_word' id='word_1_4' title='bbox 334 592 379 655; x_wconf 91' lang='lat' dir='ltr'><strong>Et</strong></span> <span class='ocrx_word' id='word_1_5' title='bbox 400 592 458 674; x_wconf 93' lang='lat' dir='ltr'><strong>qui</strong></span> <span class='ocrx_word' id='word_1_6' title='bbox 497 591 668 673; x_wconf 90' lang='lat' dir='ltr'><strong>quondam</strong></span> <span class='ocrx_word' id='word_1_7' title='bbox 703 590 823 655; x_wconf 89' lang='lat' dir='ltr'><strong>leuitas</strong></span> <span class='ocrx_word' id='word_1_8' title='bbox 861 611 954 654; x_wconf 89' lang='lat' dir='ltr'><strong>aram</strong></span> <span class='ocrx_word' id='word_1_9' title='bbox 992 599 1027 654; x_wconf 92' lang='lat' dir='ltr'><strong>et</strong></span> <span class='ocrx_word' id='word_1_10' title='bbox 1063 590 1316 655; x_wconf 89' lang='lat' dir='ltr'><strong>tabernaculum</strong></span> <span class='ocrx_word' id='word_1_11' title='bbox 1348 607 1496 670; x_wconf 91' lang='lat' dir='ltr'><strong>uasaque</strong></span> 
     </span>
     <span class='ocr_line' id='line_1_3' title="bbox 291 677 1495 761; baseline -0.002 -21"><span class='ocrx_word' id='word_1_12' title='bbox 291 680 424 741; x_wconf 86' lang='lat' dir='ltr'><strong>sacrarii</strong></span> <span class='ocrx_word' id='word_1_13' title='bbox 454 687 587 761; x_wconf 89' lang='lat' dir='ltr'><strong>gestare</strong></span> <span class='ocrx_word' id='word_1_14' title='bbox 617 679 785 741; x_wconf 87' lang='lat' dir='ltr'>mandasti</span> <span class='ocrx_word' id='word_1_15' title='bbox 802 727 811 743; x_wconf 90' lang='lat'><strong>.</strong></span> <span class='ocrx_word' id='word_1_16' title='bbox 828 677 918 741; x_wconf 90' lang='lat' dir='ltr'><strong>hunc</strong></span> <span class='ocrx_word' id='word_1_17' title='bbox 949 677 1113 742; x_wconf 82' lang='lat' dir='ltr'><strong>famulum</strong></span> <span class='ocrx_word' id='word_1_18' title='bbox 1147 691 1243 742; x_wconf 92' lang='lat' dir='ltr'><strong>tuum</strong></span> <span class='ocrx_word' id='word_1_19' title='bbox 1282 677 1495 741; x_wconf 88' lang='lat' dir='ltr'><strong>altitudinem</strong></span> 
     </span>
     <span class='ocr_line' id='line_1_4' title="bbox 290 764 1497 847; baseline -0.002 -20"><span class='ocrx_word' id='word_1_20' title='bbox 290 764 368 829; x_wconf 86' lang='lat' dir='ltr'><strong>fidei</strong></span> <span class='ocrx_word' id='word_1_21' title='bbox 399 768 433 828; x_wconf 94' lang='lat' dir='ltr'><strong>in</strong></span> <span class='ocrx_word' id='word_1_22' title='bbox 463 765 640 844; x_wconf 89' lang='lat' dir='ltr'><strong>ecclesiae†</strong></span> <span class='ocrx_word' id='word_1_23' title='bbox 672 764 766 843; x_wconf 82' lang='lat' dir='ltr'><strong>tuae†</strong></span> <span class='ocrx_word' id='word_1_24' title='bbox 796 775 931 847; x_wconf 84' lang='lat' dir='ltr'><strong>gestare</strong></span> <span class='ocrx_word' id='word_1_25' title='bbox 961 765 1063 829; x_wconf 84' lang='lat' dir='ltr'><strong>iacias</strong></span> <span class='ocrx_word' id='word_1_26' title='bbox 1078 816 1085 829; x_wconf 98' lang='lat'><strong>.</strong></span> <span class='ocrx_word' id='word_1_27' title='bbox 1102 775 1137 829; x_wconf 92' lang='lat' dir='ltr'><strong>et</strong></span> <span class='ocrx_word' id='word_1_28' title='bbox 1166 774 1359 828; x_wconf 88' lang='lat' dir='ltr'><strong>sanctarum</strong></span> <span class='ocrx_word' id='word_1_29' title='bbox 1390 764 1497 827; x_wconf 91' lang='lat' dir='ltr'><strong>anim-</strong></span> 
     </span>
     <span class='ocr_line' id='line_1_5' title="bbox 291 850 1257 935; baseline 0 -20"><span class='ocrx_word' id='word_1_30' title='bbox 291 873 385 916; x_wconf 86' lang='lat' dir='ltr'><strong>arum</strong></span> <span class='ocrx_word' id='word_1_31' title='bbox 401 852 541 935; x_wconf 86' lang='lat' dir='ltr'><strong>dignum</strong></span> <span class='ocrx_word' id='word_1_32' title='bbox 558 856 600 915; x_wconf 91' lang='lat' dir='ltr'><strong>ad</strong></span> <span class='ocrx_word' id='word_1_33' title='bbox 617 873 761 935; x_wconf 90' lang='lat' dir='ltr'><strong>superna</strong></span> <span class='ocrx_word' id='word_1_34' title='bbox 776 853 918 916; x_wconf 92' lang='lat' dir='ltr'><strong>latorem</strong></span> <span class='ocrx_word' id='word_1_35' title='bbox 935 850 1097 934; x_wconf 87' lang='lat' dir='ltr'>perficias.</span> <span class='ocrx_word' id='word_1_36' title='bbox 1139 853 1257 917; x_wconf 83' lang='lat' dir='ltr'><strong>Amen.</strong></span> 
     </span>
    </p>

    <p class='ocr_par' dir='ltr' id='par_1_3' title="bbox 290 935 1501 1283">
     <span class='ocr_line' id='line_1_6' title="bbox 335 935 1499 1023; baseline -0.005 -21"><span class='ocrx_word' id='word_1_37' title='bbox 335 938 469 1021; x_wconf 86' lang='lat' dir='ltr'><strong>Quique</strong></span> <span class='ocrx_word' id='word_1_38' title='bbox 501 939 536 1001; x_wconf 91' lang='lat' dir='ltr'><strong>in</strong></span> <span class='ocrx_word' id='word_1_39' title='bbox 571 940 731 1003; x_wconf 88' lang='lat' dir='ltr'><strong>moderna</strong></span> <span class='ocrx_word' id='word_1_40' title='bbox 763 939 835 1023; x_wconf 88' lang='lat' dir='ltr'><strong>lege</strong></span> <span class='ocrx_word' id='word_1_41' title='bbox 867 938 1043 1017; x_wconf 82' lang='lat' dir='ltr'><strong>huiuscae†</strong></span> <span class='ocrx_word' id='word_1_42' title='bbox 1075 939 1294 1004; x_wconf 89' lang='lat' dir='ltr'><strong>ordinationis</strong></span> <span class='ocrx_word' id='word_1_43' title='bbox 1327 935 1499 1020; x_wconf 91' lang='lat' dir='ltr'><strong>apostolos</strong></span> 
     </span>
     <span class='ocr_line' id='line_1_7' title="bbox 290 1024 1498 1109; baseline -0.003 -20"><span class='ocrx_word' id='word_1_44' title='bbox 290 1041 367 1089; x_wconf 84' lang='lat' dir='ltr'><strong>tuos</strong></span> <span class='ocrx_word' id='word_1_45' title='bbox 398 1026 574 1089; x_wconf 90' lang='lat' dir='ltr'><strong>decreuisti</strong></span> <span class='ocrx_word' id='word_1_46' title='bbox 605 1027 812 1090; x_wconf 86' lang='lat' dir='ltr'><strong>ordinatores</strong></span> <span class='ocrx_word' id='word_1_47' title='bbox 843 1026 1025 1090; x_wconf 90' lang='lat' dir='ltr'><strong>extitisse.</strong></span> <span class='ocrx_word' id='word_1_48' title='bbox 1051 1026 1171 1089; x_wconf 91' lang='lat' dir='ltr'><strong>horum</strong></span> <span class='ocrx_word' id='word_1_49' title='bbox 1202 1026 1391 1109; x_wconf 86' lang='lat' dir='ltr'><strong>precamine</strong></span> <span class='ocrx_word' id='word_1_50' title='bbox 1422 1024 1498 1087; x_wconf 91' lang='lat' dir='ltr'><strong>huic</strong></span> 
     </span>
     <span class='ocr_line' id='line_1_8' title="bbox 290 1112 1501 1191; baseline -0.003 -16"><span class='ocrx_word' id='word_1_51' title='bbox 290 1124 367 1177; x_wconf 89' lang='lat' dir='ltr'><strong>tuae</strong></span> <span class='ocrx_word' id='word_1_52' title='bbox 399 1115 587 1177; x_wconf 91' lang='lat' dir='ltr'><strong>ministrum</strong></span> <span class='ocrx_word' id='word_1_53' title='bbox 619 1112 778 1176; x_wconf 90' lang='lat' dir='ltr'><strong>ecclesiae</strong></span> <span class='ocrx_word' id='word_1_54' title='bbox 810 1123 845 1177; x_wconf 92' lang='lat' dir='ltr'><strong>et</strong></span> <span class='ocrx_word' id='word_1_55' title='bbox 868 1113 1046 1177; x_wconf 90' lang='lat' dir='ltr'><strong>benedicas</strong></span> <span class='ocrx_word' id='word_1_56' title='bbox 1062 1162 1070 1176; x_wconf 90' lang='lat'><strong>.</strong></span> <span class='ocrx_word' id='word_1_57' title='bbox 1086 1124 1122 1177; x_wconf 95' lang='lat' dir='ltr'><strong>et</strong></span> <span class='ocrx_word' id='word_1_58' title='bbox 1143 1114 1272 1177; x_wconf 90' lang='lat' dir='ltr'><strong>idoneis</strong></span> <span class='ocrx_word' id='word_1_59' title='bbox 1295 1112 1356 1176; x_wconf 91' lang='lat' dir='ltr'><strong>tibi</strong></span> <span class='ocrx_word' id='word_1_60' title='bbox 1380 1112 1501 1191; x_wconf 86' lang='lat' dir='ltr'><strong>iugiter</strong></span> 
     </span>
     <span class='ocr_line' id='line_1_9' title="bbox 290 1198 1300 1283; baseline 0.001 -20"><span class='ocrx_word' id='word_1_61' title='bbox 290 1200 437 1264; x_wconf 89' lang='lat' dir='ltr'><strong>moribus</strong></span> <span class='ocrx_word' id='word_1_62' title='bbox 462 1202 496 1263; x_wconf 94' lang='lat' dir='ltr'><strong>in</strong></span> <span class='ocrx_word' id='word_1_63' title='bbox 521 1201 661 1264; x_wconf 90' lang='lat' dir='ltr'><strong>ecclesia</strong></span> <span class='ocrx_word' id='word_1_64' title='bbox 684 1220 896 1283; x_wconf 90' lang='lat' dir='ltr'><strong>perseuerare</strong></span> <span class='ocrx_word' id='word_1_65' title='bbox 921 1201 1095 1264; x_wconf 88' lang='lat' dir='ltr'><strong>concedas.</strong></span> <span class='ocrx_word' id='word_1_66' title='bbox 1152 1198 1300 1283; x_wconf 72' lang='lat' dir='ltr'><strong>[limem]</strong></span> 
     </span>
    </p>

    <p class='ocr_par' dir='ltr' id='par_1_4' title="bbox 332 1281 1497 1371">
     <span class='ocr_line' id='line_1_10' title="bbox 332 1281 1497 1371; baseline -0.003 -20"><span class='ocrx_word' id='word_1_67' title='bbox 332 1284 448 1370; x_wconf 64' lang='lat' dir='ltr'><strong>(Quod</strong></span> <span class='ocrx_word' id='word_1_68' title='bbox 471 1288 543 1370; x_wconf 93' lang='lat' dir='ltr'><strong>ipse</strong></span> <span class='ocrx_word' id='word_1_69' title='bbox 566 1297 713 1370; x_wconf 87' lang='lat' dir='ltr'><strong>prestare</strong></span> <span class='ocrx_word' id='word_1_70' title='bbox 736 1288 915 1369; x_wconf 84' lang='lat' dir='ltr'><strong>dignetur.</strong></span> <span class='ocrx_word' id='word_1_71' title='bbox 933 1288 1027 1351; x_wconf 93' lang='lat' dir='ltr'><strong>cuius</strong></span> <span class='ocrx_word' id='word_1_72' title='bbox 1050 1308 1200 1370; x_wconf 86' lang='lat' dir='ltr'><strong>regnum.</strong></span> <span class='ocrx_word' id='word_1_73' title='bbox 1326 1281 1398 1371; x_wconf 82' lang='lat' dir='ltr'><strong>[sol.</strong></span> <span class='ocrx_word' id='word_1_74' title='bbox 1423 1299 1497 1365; x_wconf 88' lang='lat' dir='ltr'><strong>72v.</strong></span> 
     </span>
    </p>
   </div>
   <div class='ocr_carea' id='block_1_3' title="bbox 505 1664 1280 1733">
    <p class='ocr_par' dir='ltr' id='par_1_5' title="bbox 505 1664 1280 1733">
     <span class='ocr_line' id='line_1_11' title="bbox 505 1664 1280 1733; baseline 0.003 -7"><span class='ocrx_word' id='word_1_75' title='bbox 505 1664 745 1731; x_wconf 85' lang='lat' dir='ltr'><strong>BENEDICTIO</strong></span> <span class='ocrx_word' id='word_1_76' title='bbox 767 1680 810 1730; x_wconf 93' lang='lat' dir='ltr'><strong>IN</strong></span> <span class='ocrx_word' id='word_1_77' title='bbox 836 1680 1117 1733; x_wconf 84' lang='lat' dir='ltr'><strong>DISSOLUTIONE</strong></span> <span class='ocrx_word' id='word_1_78' title='bbox 1140 1679 1280 1729; x_wconf 85' lang='lat' dir='ltr'><strong>SINODI.</strong></span> 
     </span>
    </p>
   </div>
   <div class='ocr_carea' id='block_1_4' title="bbox 265 1841 1501 3233">
    <p class='ocr_par' dir='ltr' id='par_1_6' title="bbox 352 1841 1497 1997">
     <span class='ocr_line' id='line_1_12' title="bbox 352 1841 1497 1927; baseline 0 -24"><span class='ocrx_word' id='word_1_79' title='bbox 352 1841 488 1906; x_wconf 88' lang='lat' dir='ltr'><strong>Hristus</strong></span> <span class='ocrx_word' id='word_1_80' title='bbox 510 1844 565 1907; x_wconf 93' lang='lat' dir='ltr'><strong>dei</strong></span> <span class='ocrx_word' id='word_1_81' title='bbox 590 1842 676 1908; x_wconf 90' lang='lat' dir='ltr'><strong>filius</strong></span> <span class='ocrx_word' id='word_1_82' title='bbox 693 1894 700 1907; x_wconf 96' lang='lat'><strong>.</strong></span> <span class='ocrx_word' id='word_1_83' title='bbox 717 1846 774 1927; x_wconf 92' lang='lat' dir='ltr'><strong>qui</strong></span> <span class='ocrx_word' id='word_1_84' title='bbox 799 1855 851 1909; x_wconf 92' lang='lat' dir='ltr'><strong>est</strong></span> <span class='ocrx_word' id='word_1_85' title='bbox 874 1846 1005 1909; x_wconf 91' lang='lat' dir='ltr'><strong>initium</strong></span> <span class='ocrx_word' id='word_1_86' title='bbox 1018 1892 1026 1909; x_wconf 98' lang='lat'><strong>.</strong></span> <span class='ocrx_word' id='word_1_87' title='bbox 1038 1854 1072 1908; x_wconf 93' lang='lat' dir='ltr'><strong>et</strong></span> <span class='ocrx_word' id='word_1_88' title='bbox 1094 1843 1193 1908; x_wconf 88' lang='lat' dir='ltr'><strong>finis.</strong></span> <span class='ocrx_word' id='word_1_89' title='bbox 1211 1844 1497 1926; x_wconf 88' lang='lat' dir='ltr'><strong>complementum</strong></span> 
     </span>
     <span class='ocr_line' id='line_1_13' title="bbox 393 1929 985 1997; baseline 0.003 -4"><span class='ocrx_word' id='word_1_90' title='bbox 393 1929 489 1993; x_wconf 92' lang='lat' dir='ltr'><strong>uobis</strong></span> <span class='ocrx_word' id='word_1_91' title='bbox 512 1932 638 1995; x_wconf 89' lang='lat' dir='ltr'><strong>tribuat</strong></span> <span class='ocrx_word' id='word_1_92' title='bbox 660 1932 821 1997; x_wconf 79' lang='lat' dir='ltr'><strong>karitatis,</strong></span> <span class='ocrx_word' id='word_1_93' title='bbox 866 1933 985 1996; x_wconf 82' lang='lat' dir='ltr'><strong>Amen.</strong></span> 
     </span>
    </p>

    <p class='ocr_par' dir='ltr' id='par_1_7' title="bbox 291 2016 1496 2188">
     <span class='ocr_line' id='line_1_14' title="bbox 334 2016 1496 2101; baseline 0.003 -24"><span class='ocrx_word' id='word_1_94' title='bbox 334 2016 379 2078; x_wconf 90' lang='lat' dir='ltr'><strong>Et</strong></span> <span class='ocrx_word' id='word_1_95' title='bbox 402 2016 459 2098; x_wconf 94' lang='lat' dir='ltr'><strong>qui</strong></span> <span class='ocrx_word' id='word_1_96' title='bbox 488 2037 547 2079; x_wconf 89' lang='lat' dir='ltr'><strong>nos</strong></span> <span class='ocrx_word' id='word_1_97' title='bbox 578 2019 621 2081; x_wconf 92' lang='lat' dir='ltr'><strong>ad</strong></span> <span class='ocrx_word' id='word_1_98' title='bbox 653 2019 881 2101; x_wconf 89' lang='lat' dir='ltr'><strong>expletionem</strong></span> <span class='ocrx_word' id='word_1_99' title='bbox 906 2021 1003 2082; x_wconf 90' lang='lat' dir='ltr'><strong>huius</strong></span> <span class='ocrx_word' id='word_1_100' title='bbox 1030 2018 1109 2083; x_wconf 79' lang='lat' dir='ltr'><strong>fecit</strong></span> <span class='ocrx_word' id='word_1_101' title='bbox 1138 2019 1311 2101; x_wconf 91' lang='lat' dir='ltr'><strong>peruenire</strong></span> <span class='ocrx_word' id='word_1_102' title='bbox 1341 2016 1496 2082; x_wconf 88' lang='lat' dir='ltr'><strong>concilii.</strong></span> 
     </span>
     <span class='ocr_line' id='line_1_15' title="bbox 291 2101 1412 2188; baseline 0.004 -24"><span class='ocrx_word' id='word_1_103' title='bbox 291 2101 463 2166; x_wconf 92' lang='lat' dir='ltr'><strong>absolutos</strong></span> <span class='ocrx_word' id='word_1_104' title='bbox 489 2125 549 2167; x_wconf 93' lang='lat' dir='ltr'><strong>uos</strong></span> <span class='ocrx_word' id='word_1_105' title='bbox 574 2104 694 2169; x_wconf 88' lang='lat' dir='ltr'><strong>efficiat</strong></span> <span class='ocrx_word' id='word_1_106' title='bbox 719 2106 763 2169; x_wconf 90' lang='lat' dir='ltr'><strong>ab</strong></span> <span class='ocrx_word' id='word_1_107' title='bbox 787 2107 879 2169; x_wconf 90' lang='lat' dir='ltr'><strong>omni</strong></span> <span class='ocrx_word' id='word_1_108' title='bbox 903 2108 1104 2188; x_wconf 87' lang='lat' dir='ltr'><strong>contagione</strong></span> <span class='ocrx_word' id='word_1_109' title='bbox 1128 2106 1250 2169; x_wconf 89' lang='lat' dir='ltr'><strong>delicti.</strong></span> <span class='ocrx_word' id='word_1_110' title='bbox 1294 2106 1412 2169; x_wconf 83' lang='lat' dir='ltr'><strong>Amen.</strong></span> 
     </span>
    </p>

    <p class='ocr_par' dir='ltr' id='par_1_8' title="bbox 290 2188 1498 2428">
     <span class='ocr_line' id='line_1_16' title="bbox 333 2188 1497 2274; baseline 0.003 -23"><span class='ocrx_word' id='word_1_111' title='bbox 333 2188 392 2252; x_wconf 89' lang='lat' dir='ltr'><strong>Ab</strong></span> <span class='ocrx_word' id='word_1_112' title='bbox 415 2192 507 2253; x_wconf 92' lang='lat' dir='ltr'><strong>omni</strong></span> <span class='ocrx_word' id='word_1_113' title='bbox 530 2200 624 2254; x_wconf 92' lang='lat' dir='ltr'><strong>reatu</strong></span> <span class='ocrx_word' id='word_1_114' title='bbox 647 2192 818 2257; x_wconf 90' lang='lat' dir='ltr'><strong>liberiores</strong></span> <span class='ocrx_word' id='word_1_115' title='bbox 842 2194 952 2256; x_wconf 86' lang='lat' dir='ltr'><strong>effecti</strong></span> <span class='ocrx_word' id='word_1_116' title='bbox 969 2243 976 2257; x_wconf 94' lang='lat'><strong>.</strong></span> <span class='ocrx_word' id='word_1_117' title='bbox 994 2194 1139 2257; x_wconf 89' lang='lat' dir='ltr'><strong>absoluti</strong></span> <span class='ocrx_word' id='word_1_118' title='bbox 1160 2193 1262 2257; x_wconf 91' lang='lat' dir='ltr'><strong>etiam</strong></span> <span class='ocrx_word' id='word_1_119' title='bbox 1288 2212 1348 2274; x_wconf 94' lang='lat' dir='ltr'><strong>per</strong></span> <span class='ocrx_word' id='word_1_120' title='bbox 1370 2193 1497 2255; x_wconf 90' lang='lat' dir='ltr'><strong>donum</strong></span> 
     </span>
     <span class='ocr_line' id='line_1_17' title="bbox 290 2275 1498 2361; baseline 0.003 -24"><span class='ocrx_word' id='word_1_121' title='bbox 290 2275 425 2358; x_wconf 91' lang='lat' dir='ltr'><strong>spiritus</strong></span> <span class='ocrx_word' id='word_1_122' title='bbox 446 2278 554 2341; x_wconf 86' lang='lat' dir='ltr'><strong>sancti</strong></span> <span class='ocrx_word' id='word_1_123' title='bbox 570 2328 576 2342; x_wconf 92' lang='lat'><strong>.</strong></span> <span class='ocrx_word' id='word_1_124' title='bbox 594 2277 681 2342; x_wconf 81' lang='lat' dir='ltr'><strong>felici</strong></span> <span class='ocrx_word' id='word_1_125' title='bbox 700 2280 809 2343; x_wconf 90' lang='lat' dir='ltr'><strong>reditu</strong></span> <span class='ocrx_word' id='word_1_126' title='bbox 830 2290 1015 2345; x_wconf 91' lang='lat' dir='ltr'><strong>uestrarum</strong></span> <span class='ocrx_word' id='word_1_127' title='bbox 1039 2281 1170 2343; x_wconf 91' lang='lat' dir='ltr'><strong>sedium</strong></span> <span class='ocrx_word' id='word_1_128' title='bbox 1194 2278 1317 2343; x_wconf 92' lang='lat' dir='ltr'><strong>cubilia</strong></span> <span class='ocrx_word' id='word_1_129' title='bbox 1339 2279 1498 2361; x_wconf 89' lang='lat' dir='ltr'><strong>repetatis</strong></span> 
     </span>
     <span class='ocr_line' id='line_1_18' title="bbox 290 2362 576 2428; baseline 0.014 -4"><span class='ocrx_word' id='word_1_130' title='bbox 290 2362 416 2427; x_wconf 91' lang='lat' dir='ltr'><strong>inlaesi.</strong></span> <span class='ocrx_word' id='word_1_131' title='bbox 460 2365 576 2428; x_wconf 82' lang='lat' dir='ltr'><strong>Amen.</strong></span> 
     </span>
    </p>

    <p class='ocr_par' dir='ltr' id='par_1_9' title="bbox 265 2450 1498 2706">
     <span class='ocr_line' id='line_1_19' title="bbox 265 2450 1497 2535; baseline 0 -21"><span class='ocrx_word' id='word_1_132' title='bbox 265 2460 269 2467; x_wconf 91' lang='lat'>&#39;</span> <span class='ocrx_word' id='word_1_133' title='bbox 335 2450 474 2533; x_wconf 89' lang='lat' dir='ltr'><strong>Semper</strong></span> <span class='ocrx_word' id='word_1_134' title='bbox 510 2450 663 2533; x_wconf 90' lang='lat' dir='ltr'><strong>proficiat</strong></span> <span class='ocrx_word' id='word_1_135' title='bbox 700 2474 779 2516; x_wconf 87' lang='lat' dir='ltr'><strong>cura</strong></span> <span class='ocrx_word' id='word_1_136' title='bbox 812 2464 947 2518; x_wconf 89' lang='lat' dir='ltr'><strong>uestra.</strong></span> <span class='ocrx_word' id='word_1_137' title='bbox 964 2464 1002 2517; x_wconf 92' lang='lat' dir='ltr'><strong>ut</strong></span> <span class='ocrx_word' id='word_1_138' title='bbox 1032 2453 1169 2535; x_wconf 90' lang='lat' dir='ltr'><strong>quando</strong></span> <span class='ocrx_word' id='word_1_139' title='bbox 1200 2453 1306 2516; x_wconf 87' lang='lat' dir='ltr'><strong>iudex</strong></span> <span class='ocrx_word' id='word_1_140' title='bbox 1337 2452 1497 2515; x_wconf 90' lang='lat' dir='ltr'><strong>uenerit.</strong></span> 
     </span>
     <span class='ocr_line' id='line_1_20' title="bbox 290 2535 1498 2623; baseline 0.002 -24"><span class='ocrx_word' id='word_1_141' title='bbox 290 2535 426 2618; x_wconf 87' lang='lat' dir='ltr'><strong>euigilet</strong></span> <span class='ocrx_word' id='word_1_142' title='bbox 464 2537 547 2601; x_wconf 86' lang='lat' dir='ltr'><strong>fides</strong></span> <span class='ocrx_word' id='word_1_143' title='bbox 584 2550 725 2603; x_wconf 88' lang='lat' dir='ltr'><strong>uestra.</strong></span> <span class='ocrx_word' id='word_1_144' title='bbox 753 2540 948 2622; x_wconf 88' lang='lat' dir='ltr'><strong>uigilantiae</strong></span> <span class='ocrx_word' id='word_1_145' title='bbox 987 2541 1152 2623; x_wconf 91' lang='lat' dir='ltr'><strong>premium</strong></span> <span class='ocrx_word' id='word_1_146' title='bbox 1192 2539 1235 2602; x_wconf 90' lang='lat' dir='ltr'><strong>de</strong></span> <span class='ocrx_word' id='word_1_147' title='bbox 1272 2539 1412 2603; x_wconf 92' lang='lat' dir='ltr'><strong>domino</strong></span> <span class='ocrx_word' id='word_1_148' title='bbox 1449 2558 1498 2601; x_wconf 92' lang='lat' dir='ltr'><strong>re·</strong></span> 
     </span>
     <span class='ocr_line' id='line_1_21' title="bbox 291 2624 599 2706; baseline 0.013 -20"><span class='ocrx_word' id='word_1_149' title='bbox 291 2633 437 2706; x_wconf 90' lang='lat' dir='ltr'><strong>ceptura.</strong></span> <span class='ocrx_word' id='word_1_150' title='bbox 480 2624 599 2690; x_wconf 86' lang='lat' dir='ltr'><strong>Amen.</strong></span> 
     </span>
    </p>

    <p class='ocr_par' dir='ltr' id='par_1_10' title="bbox 292 2711 1499 2884">
     <span class='ocr_line' id='line_1_22' title="bbox 337 2711 1499 2797; baseline 0.003 -24"><span class='ocrx_word' id='word_1_151' title='bbox 337 2711 473 2794; x_wconf 88' lang='lat' dir='ltr'><strong>Detque</strong></span> <span class='ocrx_word' id='word_1_152' title='bbox 508 2713 604 2776; x_wconf 93' lang='lat' dir='ltr'><strong>uobis</strong></span> <span class='ocrx_word' id='word_1_153' title='bbox 634 2724 837 2795; x_wconf 89' lang='lat' dir='ltr'><strong>potestatem</strong></span> <span class='ocrx_word' id='word_1_154' title='bbox 868 2715 1063 2797; x_wconf 92' lang='lat' dir='ltr'><strong>predicandi</strong></span> <span class='ocrx_word' id='word_1_155' title='bbox 1098 2715 1131 2777; x_wconf 93' lang='lat' dir='ltr'><strong>in</strong></span> <span class='ocrx_word' id='word_1_156' title='bbox 1162 2713 1288 2797; x_wconf 93' lang='lat' dir='ltr'><strong>populo</strong></span> <span class='ocrx_word' id='word_1_157' title='bbox 1311 2763 1318 2778; x_wconf 99' lang='lat'><strong>.</strong></span> <span class='ocrx_word' id='word_1_158' title='bbox 1343 2722 1378 2776; x_wconf 93' lang='lat' dir='ltr'><strong>et</strong></span> <span class='ocrx_word' id='word_1_159' title='bbox 1408 2714 1499 2794; x_wconf 91' lang='lat' dir='ltr'><strong>quod</strong></span> 
     </span>
     <span class='ocr_line' id='line_1_23' title="bbox 292 2797 1286 2884; baseline 0.004 -25"><span class='ocrx_word' id='word_1_160' title='bbox 292 2797 365 2860; x_wconf 89' lang='lat' dir='ltr'><strong>aliis</strong></span> <span class='ocrx_word' id='word_1_161' title='bbox 389 2819 446 2861; x_wconf 90' lang='lat' dir='ltr'><strong>ore</strong></span> <span class='ocrx_word' id='word_1_162' title='bbox 471 2802 650 2880; x_wconf 91' lang='lat' dir='ltr'><strong>predicatis</strong></span> <span class='ocrx_word' id='word_1_163' title='bbox 665 2852 672 2865; x_wconf 91' lang='lat'><strong>.</strong></span> <span class='ocrx_word' id='word_1_164' title='bbox 689 2804 789 2866; x_wconf 91' lang='lat' dir='ltr'><strong>corde</strong></span> <span class='ocrx_word' id='word_1_165' title='bbox 813 2823 946 2884; x_wconf 92' lang='lat' dir='ltr'><strong>semper</strong></span> <span class='ocrx_word' id='word_1_166' title='bbox 970 2803 1122 2865; x_wconf 90' lang='lat' dir='ltr'><strong>teneatis.</strong></span> <span class='ocrx_word' id='word_1_167' title='bbox 1167 2801 1286 2864; x_wconf 81' lang='lat' dir='ltr'><strong>Amen.</strong></span> 
     </span>
    </p>

    <p class='ocr_par' dir='ltr' id='par_1_11' title="bbox 292 2885 1501 3147">
     <span class='ocr_line' id='line_1_24' title="bbox 336 2885 1501 2971; baseline 0.003 -25"><span class='ocrx_word' id='word_1_168' title='bbox 336 2885 508 2950; x_wconf 88' lang='lat' dir='ltr'><strong>Exaudiat</strong></span> <span class='ocrx_word' id='word_1_169' title='bbox 543 2885 603 2950; x_wconf 84' lang='lat' dir='ltr'><strong>uds</strong></span> <span class='ocrx_word' id='word_1_170' title='bbox 638 2889 794 2952; x_wconf 93' lang='lat' dir='ltr'><strong>dominus</strong></span> <span class='ocrx_word' id='word_1_171' title='bbox 829 2890 862 2951; x_wconf 94' lang='lat' dir='ltr'><strong>in</strong></span> <span class='ocrx_word' id='word_1_172' title='bbox 894 2899 1046 2971; x_wconf 90' lang='lat' dir='ltr'><strong>tempore</strong></span> <span class='ocrx_word' id='word_1_173' title='bbox 1080 2888 1240 2954; x_wconf 88' lang='lat' dir='ltr'><strong>orationis</strong></span> <span class='ocrx_word' id='word_1_174' title='bbox 1277 2895 1441 2951; x_wconf 89' lang='lat' dir='ltr'><strong>uestrae.</strong></span> <span class='ocrx_word' id='word_1_175' title='bbox 1466 2896 1501 2950; x_wconf 90' lang='lat' dir='ltr'><strong>et</strong></span> 
     </span>
     <span class='ocr_line' id='line_1_25' title="bbox 292 2971 1499 3040; baseline 0.002 -7"><span class='ocrx_word' id='word_1_176' title='bbox 292 2973 351 3034; x_wconf 91' lang='lat' dir='ltr'><strong>det</strong></span> <span class='ocrx_word' id='word_1_177' title='bbox 397 2971 492 3035; x_wconf 92' lang='lat' dir='ltr'><strong>uobis</strong></span> <span class='ocrx_word' id='word_1_178' title='bbox 538 2974 713 3039; x_wconf 91' lang='lat' dir='ltr'><strong>consilium</strong></span> <span class='ocrx_word' id='word_1_179' title='bbox 757 2976 1002 3040; x_wconf 90' lang='lat' dir='ltr'><strong>rectitudinis.</strong></span> <span class='ocrx_word' id='word_1_180' title='bbox 1031 2986 1068 3040; x_wconf 91' lang='lat' dir='ltr'><strong>ut</strong></span> <span class='ocrx_word' id='word_1_181' title='bbox 1114 2978 1256 3039; x_wconf 90' lang='lat' dir='ltr'><strong>euadere</strong></span> <span class='ocrx_word' id='word_1_182' title='bbox 1304 2974 1499 3038; x_wconf 91' lang='lat' dir='ltr'><strong>mereamini</strong></span> 
     </span>
     <span class='ocr_line' id='line_1_26' title="bbox 293 3057 1500 3147; baseline 0.004 -28"><span class='ocrx_word' id='word_1_183' title='bbox 293 3057 509 3140; x_wconf 76' lang='lat' dir='ltr'><strong>supplilcium</strong></span> <span class='ocrx_word' id='word_1_184' title='bbox 535 3061 733 3126; x_wconf 87' lang='lat' dir='ltr'><strong>acherontis.</strong></span> <span class='ocrx_word' id='word_1_185' title='bbox 778 3064 897 3126; x_wconf 82' lang='lat' dir='ltr'><strong>Amen.</strong></span> <span class='ocrx_word' id='word_1_186' title='bbox 1359 3057 1431 3147; x_wconf 80' lang='lat' dir='ltr'><strong>[iol.</strong></span> <span class='ocrx_word' id='word_1_187' title='bbox 1447 3076 1500 3142; x_wconf 82' lang='lat'><strong>73.</strong></span> 
     </span>
    </p>

    <p class='ocr_par' dir='ltr' id='par_1_12' title="bbox 337 3145 895 3233">
     <span class='ocr_line' id='line_1_27' title="bbox 337 3145 895 3233; baseline 0.011 -26"><span class='ocrx_word' id='word_1_188' title='bbox 337 3145 437 3228; x_wconf 82' lang='lat' dir='ltr'><strong>Quod</strong></span> <span class='ocrx_word' id='word_1_189' title='bbox 462 3148 533 3228; x_wconf 92' lang='lat' dir='ltr'><strong>ipse</strong></span> <span class='ocrx_word' id='word_1_190' title='bbox 556 3159 706 3231; x_wconf 89' lang='lat' dir='ltr'><strong>prestare</strong></span> <span class='ocrx_word' id='word_1_191' title='bbox 729 3150 895 3233; x_wconf 85' lang='lat' dir='ltr'><strong>dignetur.</strong></span> 
     </span>
    </p>
   </div>
   <div class='ocr_carea' id='block_1_5' title="bbox 525 3545 1259 3613">
    <p class='ocr_par' dir='ltr' id='par_1_13' title="bbox 525 3545 1259 3613">
     <span class='ocr_line' id='line_1_28' title="bbox 525 3545 1259 3613; baseline 0.004 -6"><span class='ocrx_word' id='word_1_192' title='bbox 525 3545 762 3612; x_wconf 73' lang='lat' dir='ltr'><strong>Banumcno</strong></span> <span class='ocrx_word' id='word_1_193' title='bbox 786 3562 877 3613; x_wconf 72' lang='lat' dir='ltr'><strong>Post</strong></span> <span class='ocrx_word' id='word_1_194' title='bbox 900 3561 1259 3612; x_wconf 74' lang='lat' dir='ltr'><strong>couumunmouuu.</strong></span> 
     </span>
    </p>
   </div>
   <div class='ocr_carea' id='block_1_6' title="bbox 290 3711 1500 4327">
    <p class='ocr_par' dir='ltr' id='par_1_14' title="bbox 291 3711 1500 3966">
     <span class='ocr_line' id='line_1_29' title="bbox 354 3711 1500 3802; baseline 0.008 -28"><span class='ocrx_word' id='word_1_195' title='bbox 354 3711 519 3777; x_wconf 91' lang='lat' dir='ltr'><strong>Enedicat</strong></span> <span class='ocrx_word' id='word_1_196' title='bbox 543 3716 639 3779; x_wconf 92' lang='lat' dir='ltr'><strong>uobis</strong></span> <span class='ocrx_word' id='word_1_197' title='bbox 671 3719 886 3802; x_wconf 89' lang='lat' dir='ltr'><strong>omnipotens</strong></span> <span class='ocrx_word' id='word_1_198' title='bbox 909 3721 1066 3784; x_wconf 91' lang='lat' dir='ltr'><strong>dominus</strong></span> <span class='ocrx_word' id='word_1_199' title='bbox 1098 3720 1155 3802; x_wconf 92' lang='lat' dir='ltr'><strong>qui</strong></span> <span class='ocrx_word' id='word_1_200' title='bbox 1182 3730 1303 3784; x_wconf 91' lang='lat' dir='ltr'><strong>cuncta</strong></span> <span class='ocrx_word' id='word_1_201' title='bbox 1325 3739 1371 3784; x_wconf 86' lang='lat' dir='ltr'><strong>ex</strong></span> <span class='ocrx_word' id='word_1_202' title='bbox 1394 3718 1500 3783; x_wconf 88' lang='lat' dir='ltr'><strong>nihilo</strong></span> 
     </span>
     <span class='ocr_line' id='line_1_30' title="bbox 401 3802 1498 3889; baseline 0.005 -27"><span class='ocrx_word' id='word_1_203' title='bbox 401 3802 556 3867; x_wconf 88' lang='lat' dir='ltr'><strong>creauit.</strong></span> <span class='ocrx_word' id='word_1_204' title='bbox 580 3813 614 3866; x_wconf 95' lang='lat' dir='ltr'><strong>et</strong></span> <span class='ocrx_word' id='word_1_205' title='bbox 644 3805 740 3868; x_wconf 91' lang='lat' dir='ltr'><strong>uobis</strong></span> <span class='ocrx_word' id='word_1_206' title='bbox 770 3807 804 3869; x_wconf 89' lang='lat' dir='ltr'><strong>in</strong></span> <span class='ocrx_word' id='word_1_207' title='bbox 834 3806 1040 3889; x_wconf 90' lang='lat' dir='ltr'><strong>baptismate</strong></span> <span class='ocrx_word' id='word_1_208' title='bbox 1078 3807 1309 3871; x_wconf 90' lang='lat' dir='ltr'><strong>remissionem</strong></span> <span class='ocrx_word' id='word_1_209' title='bbox 1349 3807 1498 3871; x_wconf 90' lang='lat' dir='ltr'><strong>omnium</strong></span> 
     </span>
     <span class='ocr_line' id='line_1_31' title="bbox 291 3890 823 3966; baseline 0.019 -19"><span class='ocrx_word' id='word_1_210' title='bbox 291 3896 505 3966; x_wconf 89' lang='lat' dir='ltr'><strong>peccatorum</strong></span> <span class='ocrx_word' id='word_1_211' title='bbox 530 3890 658 3955; x_wconf 88' lang='lat' dir='ltr'><strong>tribuit.</strong></span> <span class='ocrx_word' id='word_1_212' title='bbox 705 3894 823 3958; x_wconf 81' lang='lat' dir='ltr'><strong>Amen.</strong></span> 
     </span>
    </p>

    <p class='ocr_par' dir='ltr' id='par_1_15' title="bbox 290 3971 1499 4236">
     <span class='ocr_line' id='line_1_32' title="bbox 336 3971 1499 4064; baseline 0.012 -30"><span class='ocrx_word' id='word_1_213' title='bbox 336 3971 471 4055; x_wconf 82' lang='lat' dir='ltr'><strong>Quique</strong></span> <span class='ocrx_word' id='word_1_214' title='bbox 501 3978 644 4040; x_wconf 90' lang='lat' dir='ltr'><strong>eundem</strong></span> <span class='ocrx_word' id='word_1_215' title='bbox 676 3981 829 4061; x_wconf 90' lang='lat' dir='ltr'><strong>spiritum</strong></span> <span class='ocrx_word' id='word_1_216' title='bbox 861 3991 1014 4045; x_wconf 90' lang='lat' dir='ltr'><strong>sanctum</strong></span> <span class='ocrx_word' id='word_1_217' title='bbox 1046 3981 1078 4043; x_wconf 92' lang='lat' dir='ltr'><strong>in</strong></span> <span class='ocrx_word' id='word_1_218' title='bbox 1110 3981 1217 4064; x_wconf 88' lang='lat' dir='ltr'><strong>igneis</strong></span> <span class='ocrx_word' id='word_1_219' title='bbox 1248 3982 1371 4064; x_wconf 84' lang='lat' dir='ltr'><strong>linguis</strong></span> <span class='ocrx_word' id='word_1_220' title='bbox 1401 3985 1499 4048; x_wconf 86' lang='lat' dir='ltr'><strong>disci·</strong></span> 
     </span>
     <span class='ocr_line' id='line_1_33' title="bbox 291 4059 1499 4152; baseline 0.015 -32"><span class='ocrx_word' id='word_1_221' title='bbox 291 4059 378 4140; x_wconf 91' lang='lat' dir='ltr'><strong>pulis</strong></span> <span class='ocrx_word' id='word_1_222' title='bbox 402 4062 469 4124; x_wconf 92' lang='lat' dir='ltr'><strong>suis</strong></span> <span class='ocrx_word' id='word_1_223' title='bbox 497 4063 614 4128; x_wconf 92' lang='lat' dir='ltr'><strong>dedit.</strong></span> <span class='ocrx_word' id='word_1_224' title='bbox 631 4065 735 4147; x_wconf 90' lang='lat' dir='ltr'><strong>ipsius</strong></span> <span class='ocrx_word' id='word_1_225' title='bbox 762 4067 996 4132; x_wconf 89' lang='lat' dir='ltr'><strong>inlustratione</strong></span> <span class='ocrx_word' id='word_1_226' title='bbox 1026 4069 1128 4131; x_wconf 90' lang='lat' dir='ltr'><strong>corda</strong></span> <span class='ocrx_word' id='word_1_227' title='bbox 1151 4081 1263 4133; x_wconf 89' lang='lat' dir='ltr'><strong>uestra</strong></span> <span class='ocrx_word' id='word_1_228' title='bbox 1295 4069 1499 4152; x_wconf 89' lang='lat' dir='ltr'><strong>perlustret.</strong></span> 
     </span>
     <span class='ocr_line' id='line_1_34' title="bbox 290 4148 1243 4236; baseline 0.015 -29"><span class='ocrx_word' id='word_1_229' title='bbox 290 4155 392 4227; x_wconf 91' lang='lat' dir='ltr'><strong>atque</strong></span> <span class='ocrx_word' id='word_1_230' title='bbox 415 4148 447 4210; x_wconf 95' lang='lat' dir='ltr'><strong>in</strong></span> <span class='ocrx_word' id='word_1_231' title='bbox 472 4169 569 4212; x_wconf 92' lang='lat' dir='ltr'><strong>suum</strong></span> <span class='ocrx_word' id='word_1_232' title='bbox 594 4172 743 4216; x_wconf 90' lang='lat' dir='ltr'><strong>amorem</strong></span> <span class='ocrx_word' id='word_1_233' title='bbox 766 4155 888 4236; x_wconf 88' lang='lat' dir='ltr'><strong>iugiter</strong></span> <span class='ocrx_word' id='word_1_234' title='bbox 910 4155 1082 4220; x_wconf 90' lang='lat' dir='ltr'><strong>accendat.</strong></span> <span class='ocrx_word' id='word_1_235' title='bbox 1126 4155 1243 4220; x_wconf 83' lang='lat' dir='ltr'><strong>Amen.</strong></span> 
     </span>
    </p>

    <p class='ocr_par' dir='ltr' id='par_1_16' title="bbox 334 4232 1497 4327">
     <span class='ocr_line' id='line_1_35' title="bbox 334 4232 1497 4327; baseline 0.012 -32"><span class='ocrx_word' id='word_1_236' title='bbox 334 4232 502 4315; x_wconf 82' lang='lat' dir='ltr'><strong>Quatinus</strong></span> <span class='ocrx_word' id='word_1_237' title='bbox 541 4239 612 4301; x_wconf 90' lang='lat' dir='ltr'><strong>eius</strong></span> <span class='ocrx_word' id='word_1_238' title='bbox 652 4241 742 4304; x_wconf 92' lang='lat' dir='ltr'><strong>dono</strong></span> <span class='ocrx_word' id='word_1_239' title='bbox 772 4262 791 4303; x_wconf 91' lang='lat' dir='ltr'><strong>a</strong></span> <span class='ocrx_word' id='word_1_240' title='bbox 822 4243 951 4305; x_wconf 90' lang='lat' dir='ltr'><strong>cunctis</strong></span> <span class='ocrx_word' id='word_1_241' title='bbox 981 4243 1072 4305; x_wconf 90' lang='lat' dir='ltr'><strong>uitiis</strong></span> <span class='ocrx_word' id='word_1_242' title='bbox 1110 4243 1497 4327; x_wconf 88' lang='lat' dir='ltr'><strong>emundati.ipsiusque</strong></span> 
     </span>
    </p>
   </div>
   <div class='ocr_carea' id='block_1_7' title="bbox 288 4319 1499 4479">
    <p class='ocr_par' dir='ltr' id='par_1_17' title="bbox 288 4319 1499 4479">
     <span class='ocr_line' id='line_1_36' title="bbox 288 4319 1499 4412; baseline 0.013 -32"><span class='ocrx_word' id='word_1_243' title='bbox 288 4319 508 4402; x_wconf 88' lang='lat' dir='ltr'><strong>opitulatione</strong></span> <span class='ocrx_word' id='word_1_244' title='bbox 531 4324 574 4387; x_wconf 91' lang='lat' dir='ltr'><strong>ab</strong></span> <span class='ocrx_word' id='word_1_245' title='bbox 596 4328 751 4391; x_wconf 91' lang='lat' dir='ltr'><strong>omnibus</strong></span> <span class='ocrx_word' id='word_1_246' title='bbox 772 4329 1033 4393; x_wconf 91' lang='lat' dir='ltr'><strong>aduersitatibus</strong></span> <span class='ocrx_word' id='word_1_247' title='bbox 1054 4330 1182 4393; x_wconf 85' lang='lat' dir='ltr'><strong>defensi</strong></span> <span class='ocrx_word' id='word_1_248' title='bbox 1199 4381 1206 4396; x_wconf 99' lang='lat'><strong>.</strong></span> <span class='ocrx_word' id='word_1_249' title='bbox 1223 4331 1387 4412; x_wconf 90' lang='lat' dir='ltr'><strong>templum</strong></span> <span class='ocrx_word' id='word_1_250' title='bbox 1408 4332 1499 4396; x_wconf 92' lang='lat' dir='ltr'><strong>illius</strong></span> 
     </span>
     <span class='ocr_line' id='line_1_37' title="bbox 288 4405 760 4479; baseline 0.023 -11"><span class='ocrx_word' id='word_1_251' title='bbox 288 4405 372 4469; x_wconf 91' lang='lat' dir='ltr'><strong>effici</strong></span> <span class='ocrx_word' id='word_1_252' title='bbox 396 4413 600 4477; x_wconf 90' lang='lat' dir='ltr'><strong>mereamini.</strong></span> <span class='ocrx_word' id='word_1_253' title='bbox 644 4414 760 4479; x_wconf 79' lang='lat' dir='ltr'><strong>Amen.</strong></span> 
     </span>
    </p>
   </div>
   <div class='ocr_carea' id='block_1_8' title="bbox 331 4494 886 4585">
    <p class='ocr_par' dir='ltr' id='par_1_18' title="bbox 331 4494 886 4585">
     <span class='ocr_line' id='line_1_38' title="bbox 331 4494 886 4585; baseline 0.018 -29"><span class='ocrx_word' id='word_1_254' title='bbox 331 4494 431 4577; x_wconf 85' lang='lat' dir='ltr'><strong>Quod</strong></span> <span class='ocrx_word' id='word_1_255' title='bbox 456 4498 527 4580; x_wconf 90' lang='lat' dir='ltr'><strong>ipse</strong></span> <span class='ocrx_word' id='word_1_256' title='bbox 550 4510 699 4582; x_wconf 89' lang='lat' dir='ltr'><strong>prestare</strong></span> <span class='ocrx_word' id='word_1_257' title='bbox 721 4502 886 4585; x_wconf 88' lang='lat' dir='ltr'><strong>dignetur.</strong></span> 
     </span>
    </p>
   </div>
   <div class='ocr_carea' id='block_1_9' title="bbox 0 0 1692 5250">
    <p class='ocr_par' dir='ltr' id='par_1_19' title="bbox 0 0 1692 5250">
     <span class='ocr_line' id='line_1_39' title="bbox 0 0 1692 5250; baseline 0 0"><span class='ocrx_word' id='word_1_258' title='bbox 0 0 1692 5250; x_wconf 95' lang='lat' dir='ltr'><strong> </strong></span> 
     </span>
    </p>
   </div>
  </div>
 </body>
</html>
