3375 5250
602 437 924 487 BENEDICTIONES
943 437 1204 488 EPISCOPALES.

752 639 872 727 sirau
894 640 1019 708 ALIA.¹
1340 639 1506 725 [fol.13v.

370 771 439 836 Eus
467 775 524 857 qui
548 796 616 840 non
639 787 781 842 mortem
812 779 872 843 sed
903 780 1122 859 penitentiam
1147 781 1318 844 desideras
1349 782 1504 861 peccato-

411 881 484 924 rum
516 912 523 926 .
553 863 769 947 fragilitatem
806 867 1014 931 condicionis
1057 869 1226 931 humanae
1262 863 1503 947 benignissime

298 946 447 1029 respice.
464 951 576 1015 ethos
598 953 725 1016 cineres
748 973 832 1036 quos
851 975 952 1017 causa
968 954 1164 1037 preferende
1185 953 1386 1019 humilitatis
1401 958 1505 1031 atque

298 1038 540 1113 promerendae
555 1039 674 1102 ueniae
688 1088 696 1104 .
710 1041 877 1122 capitibus
888 1043 1010 1106 nostris
1027 1043 1142 1125 inponi
1158 1041 1369 1106 decernimus
1382 1087 1391 1103 .
1404 1038 1506 1101 bene-

297 1119 408 1186 dicere
442 1145 503 1205 pro
533 1136 592 1190 tua
622 1125 791 1209 pietatae2
821 1130 969 1210 digneris
991 1177 999 1193 .
1022 1139 1060 1193 ut
1090 1131 1148 1211 qui
1179 1149 1241 1192 nos
1273 1129 1400 1191 cineres
1430 1143 1504 1188 esse

297 1207 451 1286 uoluisti†
465 1260 473 1277 .
487 1222 521 1276 et
544 1213 589 1277 ob
612 1215 787 1296 prauitatis
812 1226 946 1280 nostrae
971 1215 1118 1281 meritis³
1144 1218 1177 1280 in
1198 1214 1370 1298 puluerem
1394 1230 1505 1276 reuer-

296 1313 391 1359 suros
418 1300 650 1378 cognoscimus
667 1349 676 1366 .
693 1311 904 1384 peccatorum
928 1313 1118 1368 nostrorum
1148 1305 1282 1367 ueniam
1316 1313 1351 1366 et
1377 1298 1507 1383 premia

296 1384 524 1462 penitentibus
539 1390 740 1470 repromissa
756 1391 1013 1454 misericorditer
1031 1392 1190 1474 consequi
1214 1386 1402 1455 mereatur⁴
1416 1436 1423 1450 .
1437 1405 1507 1468 per.

647 1611 884 1676 Buunmcno
907 1627 959 1677 AD
983 1614 1141 1678 M1ssaru.

304 1745 491 1870 REspice
514 1759 629 1831 pastor
654 1751 742 1814 bone
765 1772 865 1835 super
890 1752 980 1816 bunc
1005 1773 1143 1835 gregem
1159 1801 1166 1817 .
1182 1761 1217 1817 et
1242 1751 1352 1815 tribue
1377 1758 1416 1815 ut
1446 1749 1506 1830 qui

411 1838 551 1899 terrenis
574 1839 744 1902 abstinent
760 1839 861 1903 cibis.
874 1840 1101 1919 spiritualibus
1118 1848 1298 1922 pascantur
1316 1836 1504 1901 alimoniis.

253 1923 255 1936 '
297 1932 332 1987 et
347 1941 447 2005 quem
471 1922 593 1988 diuinis
617 1923 772 1988 reficere⁵
787 1927 907 1990 tribuis
929 1928 1169 1991 sacramentis.
1185 1928 1229 1990 ab
1250 1925 1406 1990 omnibus
1429 1943 1505 2007 pro·

298 2011 401 2095 pitius
424 2010 562 2074 absolue
585 2014 739 2094 peccatis.
784 2015 902 2077 Amen.

343 2095 399 2161 Da
423 2097 471 2160 eis
498 2100 545 2160 sic
572 2099 605 2162 in
626 2101 744 2164 diebus
770 2101 969 2164 ieiuniorum
985 2122 1080 2165 suam
1096 2150 1104 2166 .
1122 2100 1343 2184 lcomponere
1364 2098 1438 2182 [iol.
1457 2115 1505 2177 14

299 2185 404 2248 uitam
422 2232 430 2249 .
448 2192 485 2248 ut
509 2204 576 2249 non
608 2186 822 2252 inueniantur
847 2189 1040 2253 uoluntates
1066 2209 1182 2253 eorum
1206 2210 1227 2253 a
1249 2199 1309 2254 tua
1331 2186 1508 2251 uoluntate

297 2271 497 2338 dissimiles.
514 2273 573 2336 sed
601 2274 668 2337 sint
692 2294 824 2357 semper
851 2277 884 2338 in
909 2276 1064 2341 omnibus
1089 2277 1156 2340 tuis
1183 2275 1349 2360 preceptis
1375 2276 1508 2338 obtem-

298 2368 462 2442 perantes.
507 2359 626 2424 Amen.

342 2445 388 2510 Et
411 2446 458 2510 ita
481 2445 567 2510 hanc
588 2467 723 2511 omnem
747 2449 910 2513 familiam
927 2460 985 2514 tua
1007 2449 1241 2514 benedictione
1257 2447 1430 2513 sanctifica
1445 2494 1454 2512 .
1469 2455 1508 2511 ut

298 2553 413 2596 eorum
441 2533 564 2596 ieiunia
582 2536 687 2598 oculis
714 2545 792 2599 tuae
817 2537 953 2619 pietatis
975 2538 1042 2601 sint
1066 2557 1199 2618 semper
1222 2546 1384 2618 accepta.
1400 2544 1435 2598 et
1461 2532 1505 2596 ad

298 2621 524 2685 desideratum
540 2633 676 2687 sanctae
691 2626 939 2689 resurrectionis
961 2636 1040 2689 tuae
1061 2624 1151 2703 diem
1174 2646 1232 2689 eos
1257 2624 1383 2688 mundo
1405 2620 1507 2685 corde

298 2718 332 2773 et
356 2728 495 2791 corpore
519 2730 580 2792 pro
605 2722 664 2773 tua
688 2711 814 2793 pietate
840 2713 956 2776 iubeas
983 2712 1176 2796 presentari.
1222 2713 1339 2776 Amen.

343 2794 446 2878 Quod
470 2796 542 2879 ipse
565 2808 714 2880 prestare
737 2796 920 2881 dignetur.⁰

520 3027 758 3093 Beuumcrro
782 3028 911 3095 Immo
935 3028 1283 3112 Qunnnaousmne,

307 3165 528 3294 BEnedicat
546 3185 607 3230 uos
631 3166 846 3249 omnipotens
869 3167 975 3230 deus.
991 3166 1049 3247 qui
1073 3164 1377 3248 quadragenarium
1393 3183 1510 3228 nume·

404 3272 478 3316 rum
509 3254 542 3316 in
569 3255 678 3337 moysi
705 3264 739 3318 et
765 3253 873 3317 heliae
892 3272 1024 3316 necnon
1049 3253 1244 3317 mediatoris
1266 3253 1371 3315 nostri
1386 3250 1510 3314 ieiunio

301 3340 532 3403 consecrauit.
549 3343 779 3423 concedatque
810 3339 906 3404 uobis
936 3341 985 3404 ita
1015 3340 1180 3423 presentis
1210 3339 1281 3417 uite
1311 3336 1511 3421 dispensati-

301 3447 401 3490 onem
429 3429 614 3509 transigere
637 3476 645 3493 .
667 3437 704 3491 ut
731 3425 894 3510 accepta⁷
917 3447 937 3490 a
964 3427 1206 3510 patrefamilias
1236 3424 1511 3489 remunerationis

301 3513 460 3578 denari0.
483 3516 683 3596 perueniatis
707 3516 749 3579 ad
774 3524 988 3598 peccatorum
1012 3515 1163 3578 omnium
1188 3514 1320 3597 fremis·
1345 3512 1510 3595 [sol.14v.

301 3603 431 3664 sionem
448 3650 455 3665 .
472 3614 506 3665 et
527 3603 570 3665 ad
593 3603 772 3685 gloriosam
793 3624 870 3666 cum
894 3603 1050 3665 omnibus
1073 3601 1199 3664 sanctis
1222 3600 1510 3665 resurrectionem.

302 3689 420 3753 Amen.

347 3775 483 3857 Detque
508 3776 604 3839 uobis
630 3776 852 3860 spiritualium
880 3777 1042 3841 uirtutum
1074 3774 1224 3839 uictricia
1254 3795 1372 3839 arma.
1389 3772 1512 3857 quibus

301 3864 461 3945 exemplo
485 3863 612 3925 domini
635 3866 812 3928 deuincere
833 3866 976 3929 ualeatis
1003 3863 1133 3945 antiqui
1160 3862 1267 3927 hostis
1293 3860 1512 3945 sagacissima

301 3957 555 4030 temptamenta.
599 3951 720 4016 Amen.

346 4034 424 4118 Quo
451 4057 516 4100 non
541 4039 574 4099 in
594 4038 667 4101 solo
686 4058 773 4120 pane
795 4039 856 4102 sed
880 4040 913 4103 in
937 4038 1031 4102 omni
1054 4036 1159 4101 uerbo
1182 4036 1273 4120 quod
1296 4039 1339 4102 de
1361 4056 1419 4099 ore
1441 4035 1513 4099 eius

302 4124 454 4204 procedit
471 4170 479 4188 .
496 4125 680 4207 spiritalem
734 4138 907 4191 sumentes
953 4125 1180 4189 alimoniam.
1204 4145 1265 4208 per
1315 4123 1513 4188 ieiuniorum

401 4318 410 4349 ¹
427 4321 464 4369 nt
475 4320 518 4370 the
529 4328 574 4386 top
585 4320 614 4371 of
623 4320 666 4371 the
676 4337 741 4387 page
753 4338 769 4373 a
780 4322 844 4373 later
855 4321 925 4371 hand
936 4320 982 4371 has
993 4317 1078 4369 added
1090 4321 1124 4369 In
1136 4319 1287 4369 dedr'cutione
1296 4318 1415 4369 basilicae.

403 4382 414 4413 ¹
430 4386 474 4449 leg.
487 4386 590 4451 pietate.
1012 4384 1024 4413 ⁸
1039 4386 1084 4448 leg.
1098 4384 1197 4436 merita.

401 4448 412 4477 ⁸
428 4452 471 4516 leg.
485 4467 634 4503 mereamur.
1012 4451 1023 4478 ⁶
1039 4451 1083 4513 leg.
1096 4449 1176 4510 refici.

403 4515 413 4544 ⁸
428 4517 474 4582 leg.
488 4516 605 4582 digneris.
1013 4515 1022 4545 ²
1039 4516 1084 4579 leg.
1097 4522 1210 4581 accepto.
