3375 5250
600 363 921 414 BENEDICYIOIIOES
941 363 1202 413 EPISCOPALES.

420 526 554 593 XXXI.
578 526 776 590 Benedictio
800 525 834 588 in
859 524 915 588 die
939 533 1077 588 sanctae
1099 525 1253 608 paschae.

397 614 552 680 XXXII.
575 614 664 678 Item
690 612 756 675 alia
779 612 899 676 eadem
923 609 988 676 die.

380 702 555 766 XXXIII.
580 700 778 765 Benedictio
801 699 835 762 in
859 699 1008 761 secunda
1030 696 1120 762 seria

362 788 556 852 XXXIIII.
582 787 780 852 Benedictio
803 787 837 849 in
861 786 959 850 tertia
981 785 1071 848 feria.

406 875 552 940 XXXV.
579 874 775 939 Benedictio
798 874 832 936 In
855 883 975 955 quarta
998 872 1087 938 feria.

388 962 556 1027 XXXVI.
580 961 776 1027 Benedictio
800 961 833 1023 in
857 961 975 1042 quinta
997 959 1090 1024 seria.

370 1049 559 1114 XXXVII.
578 1047 773 1112 Benedictio
794 1048 828 1110 in
853 1054 953 1110 sexta
976 1046 1065 1110 seria.

346 1135 555 1202 XXXVIII.
580 1135 776 1200 Benedictio
800 1135 834 1197 in
858 1135 1003 1214 septima
1026 1134 1117 1197 seria.

328 1222 553 1287 XXXVIIII.
578 1222 774 1287 Benedictio
797 1223 830 1285 in
857 1222 985 1284 octauis
1010 1221 1163 1303 paschae.

479 1309 553 1374 XL.
578 1309 773 1373 Benedictio
797 1309 829 1371 in
854 1309 874 1372 i.
897 1308 1066 1371 dominica
1089 1316 1168 1392 post
1191 1308 1328 1373 octabas
1353 1309 1484 1392 pasche.

458 1397 550 1461 XLI.
574 1397 771 1461 Benedictio
794 1395 964 1459 dominica
989 1396 1020 1458 ii.
1045 1404 1122 1479 post
1148 1394 1286 1458 octabas
1311 1396 1440 1478 pasche.

441 1483 554 1548 XLII.
578 1484 772 1546 Benedictio
796 1482 966 1546 dominica
988 1483 1031 1546 iii.
1057 1492 1135 1565 post
1157 1482 1295 1547 octabas
1320 1484 1452 1567 pasche.

400 1570 553 1652 sxL111.
578 1570 772 1634 Benedictio
797 1570 830 1632 in
856 1568 1001 1632 laetania
1025 1571 1157 1634 maiore.
1363 1569 1432 1653 [Iol.
1452 1584 1500 1652 5v.

400 1657 553 1722 XLIIII.
580 1657 667 1720 Item
692 1655 758 1719 alia
784 1657 816 1719 In
839 1656 938 1719 tertia
963 1655 1052 1721 Ieria.

445 1744 553 1809 XLV.
579 1744 667 1808 Item
691 1743 757 1806 alia
781 1743 814 1806 in
838 1752 959 1824 quarta
984 1745 1075 1808 seria.

426 1830 551 1896 XLVI.
576 1831 771 1895 Benedictio
794 1833 827 1893 in
853 1830 908 1893 die
933 1831 1137 1894 ascensionis
1161 1831 1286 1896 christi.

408 1918 554 1983 XLVII.
578 1917 775 1981 Benedictio
797 1924 874 2000 post
899 1918 1127 1982 ascensionem
1151 1918 1273 1983 christi.

382 2005 552 2070 XLVIII.
577 2005 772 2069 Benedictio
797 2006 830 2067 in
856 2004 972 2085 uigilia
995 2015 1222 2086 pentecosten.

364 2092 551 2157 XLVIIII.
576 2092 773 2156 Benedictio
796 2092 829 2153 in
854 2091 909 2154 die
934 2102 1050 2155 sancto
1073 2102 1300 2174 pentecosten.

513 2179 551 2244 L.
576 2179 771 2242 Benedictio
796 2198 857 2261 per
879 2185 987 2241 totam
1012 2180 1245 2260 septimanam.

491 2266 549 2332 Ll.
574 2265 771 2329 Benedictio
793 2265 922 2328 octauis
945 2275 1173 2349 pentecosten.

468 2353 548 2417 LII.
575 2352 661 2416 Item
685 2351 758 2416 alia.

454 2440 551 2504 LIII.
576 2440 772 2504 Benedictio
791 2438 961 2503 dominica
977 2441 994 2501 i
1012 2448 1089 2522 post
1111 2439 1249 2503 octabas
1272 2451 1501 2522 pentecosten.

435 2526 552 2592 L1111.
577 2526 774 2589 Benedictio
789 2527 959 2590 dominica
974 2527 1006 2590 ii.
1023 2536 1100 2608 post
1115 2527 1253 2590 octabas
1269 2537 1500 2610 pentecosten.

480 2614 550 2678 LV.
577 2613 773 2677 Benedictio
813 2613 983 2677 dominica
1020 2615 1063 2679 iii.
1095 2624 1174 2696 post
1209 2618 1349 2679 octabas
1383 2627 1500 2697 pente-

457 2712 769 2852 LV1.Beissiiieii0
804 2788 976 2851 dominica
1007 2788 1064 2852 nn.
1096 2798 1174 2874 post
1209 2789 1348 2853 octabas
1382 2799 1499 2874 pente-

439 2962 550 3027 LVII.
575 2885 770 3026 Becnoesciicliio
811 2962 981 3026 dominica
1022 2984 1052 3026 v.
1090 2971 1167 3045 post
1204 2964 1342 3064 octabas
1384 2973 1498 3045 pente·

417 3137 549 3201 LVIII.
574 3059 769 3201 Beiisdiciio
811 3136 982 3202 dominica
1017 3137 1060 3202 vi.
1095 3149 1173 3219 post
1208 3138 1345 3203 octabas
1383 3148 1499 3219 pente-

399 3310 553 3375 LVIIII.
579 3234 774 3375 Becpesgpptio
808 3311 978 3375 dominica
1005 3311 1059 3375 vii.
1091 3321 1168 3395 post
1205 3313 1344 3379 octabas
1382 3324 1497 3400 pente-

481 3407 773 3551 LX.Bec1ies(iiiiio
809 3486 978 3550 dominica
1004 3485 1070 3549 viii.
1102 3496 1179 3569 post
1211 3488 1349 3553 octabas
1381 3498 1498 3572 pente·

465 3657 558 3723 LXI.
584 3581 780 3723 Βὲιῗὲἓῖἓῐῐο
812 3659 984 3724 dominica
1019 3660 1063 3723 ix.
1098 3670 1176 3742 post
1206 3664 1345 3727 octabas
1380 3672 1497 3746 pente·

446 3832 559 3897 LXII.
583 3755 779 3896 nggffiptio
814 3832 984 3898 dominica
1023 3855 1057 3900 x.
1088 3843 1167 3917 post
1203 3837 1342 3901 octabas
1383 3848 1499 3921 pente-

423 3930 777 4073 Lx111.B{i{iiiitio
808 4008 979 4071 dominica
1014 4008 1061 4072 xi.
1089 4019 1167 4091 post
1204 4010 1343 4075 octabas
1381 4022 1497 4094 pente-

384 4181 559 4266 ]LXIIII.
583 4104 777 4245 Bgiiiideiitio
807 4182 975 4246 dominica
1004 4182 1061 4245 xii.
1098 4193 1174 4265 post
1204 4185 1343 4250 octabas
1380 4198 1495 4267 pente·

449 4355 556 4420 LXV.
576 4279 772 4506 Beiiespiiiiio
808 4354 978 4420 domInica
1011 4356 1081 4421 xiii.
1107 4367 1184 4442 post
1214 4360 1353 4424 octabas
1375 4269 1496 4443 [ligiti-

611 4463 668 4506 cos
686 4463 738 4507 en.
