3375 5250
283 392 329 452 136
666 392 907 444 BENEDICTIO
933 392 1106 443 VIRGINIS.

283 550 419 634 spiritus
440 550 626 635 sapientiae
648 559 683 616 et
705 548 911 637 intellecltus
927 600 935 617 .
951 551 1087 634 spiritus
1106 549 1235 615 consilii
1262 559 1297 616 et
1320 548 1390 635 [fol.
1416 568 1430 615 1
1436 564 1452 632 5
1457 567 1488 629 7.

284 638 489 704 tortitudinis
503 685 512 703 .
526 639 662 723 spiritus
694 640 854 704 scientiae
886 649 921 703 et
950 639 1108 722 pietatis.
1126 637 1254 720 repleat
1288 647 1321 702 te
1351 638 1489 721 spiritus

284 727 415 789 timoris
451 726 580 791 domini
603 725 787 811 ‚fragilem
824 725 973 790 solidet.
995 725 1179 790 inualidam
1219 725 1382 790 roboret.
1404 725 1487 789 uali-

286 814 433 895 damque
469 813 646 877 confirmet
665 862 673 880 .
692 814 819 897 pietate
858 811 982 878 alleuet
1002 862 1010 879 .
1029 812 1243 877 miseratione
1283 821 1485 876 conseruet.

289 910 435 965 mentem
473 910 591 983 regat.
608 901 681 964 uias
718 900 841 984 dirigat
857 946 866 965 .
882 899 1103 984 cogitationes
1140 909 1274 963 sanctas
1310 900 1488 963 instituat.

288 1000 384 1052 actus
410 987 665 1072 probet.0pera
695 986 1019 1071 perficiat.caritate
1049 985 1380 1069 edificet.sapientia
1404 986 1490 1049 inlu·

291 1075 395 1139 minet
417 1075 601 1141 .castitate
647 1076 803 1141 muniat.
821 1075 960 1139 scientia
1001 1074 1168 1139 instruat.
1185 1072 1251 1137 fide
1295 1072 1429 1138 firmet.
1446 1073 1489 1136 In

290 1163 414 1226 uirtute
437 1161 660 1246 multiplicet.
676 1164 709 1226 in
736 1162 915 1227 sanctitate
935 1161 1115 1226 sublimet.
1132 1161 1175 1225 ad
1197 1160 1394 1243 patientiam
1417 1181 1491 1243 pre·

291 1257 408 1331 paret.
425 1247 469 1312 ad
498 1248 746 1313 oboedientiam
772 1249 919 1315 subdat.
936 1249 976 1313 In
1007 1248 1196 1313 humilitate
1219 1256 1430 1332 prosternat.
1445 1248 1491 1309 ad

291 1335 531 1400 continentiam
555 1335 614 1400 det
638 1335 868 1401 fortitudinem
883 1386 891 1401 .
908 1336 1026 1401 reddat
1056 1336 1203 1400 sobriam
1225 1384 1232 1398 .
1254 1343 1409 1418 protegat
1431 1354 1491 1416 pu·

292 1422 423 1487 dicam.
437 1421 478 1486 In
498 1421 692 1487 infirmitate
710 1424 823 1489 uisitet
839 1471 849 1489 .
865 1422 900 1487 in
919 1423 1034 1488 dolore
1048 1421 1192 1488 releuet.
1210 1419 1256 1485 In'
1268 1421 1493 1504 temptatione

290 1509 421 1593 erigat.
438 1510 472 1572 in
503 1510 756 1575 conuersatione
784 1510 953 1575 custodiat
967 1558 976 1576 .
990 1512 1025 1574 in
1054 1509 1275 1593 prosperitate
1304 1517 1493 1590 temperet.

293 1598 327 1658 in
350 1595 522 1660 iracundia
543 1596 701 1680 mitiget.
717 1597 929 1679 iniquitatem
952 1597 1131 1661 emendet.
1148 1597 1304 1661 infundat
1325 1595 1467 1678 gratiam
1485 1645 1493 1657 .

293 1684 442 1748 remittat
471 1682 621 1749 offensa.
637 1684 762 1749 tribuat
790 1684 1028 1767 disciplinam.
1047 1692 1085 1749 ut
1110 1683 1162 1747 his
1188 1693 1223 1748 et
1249 1683 1300 1746 his
1329 1682 1495 1747 similibus

295 1770 472 1834 uirtutibus
491 1769 577 1834 fulta
591 1818 599 1837 .
615 1780 649 1835 et
664 1772 788 1836 sanctis
810 1771 967 1853 operibus
983 1770 1182 1836 inlustrata.
1199 1770 1256 1834 illa
1278 1790 1411 1853 semper
1424 1777 1494 1833 stu-

293 1858 375 1922 deas
389 1877 489 1939 agere
503 1877 590 1941 quae
604 1857 708 1941 dIgna
723 1856 806 1923 fiant
826 1856 876 1943 lin
895 1858 1184 1923 remuneratione.
1202 1857 1302 1921 lllum
1317 1855 1495 1939 [fol.157v.

293 1944 419 2008 habeas
448 1953 569 2010 testem
600 1963 700 2027 quem
730 1946 885 2010 habitura
909 1943 945 2009 es
971 1945 1115 2010 iudicem
1130 1994 1138 2009 .
1153 1953 1189 2009 et
1213 1953 1329 2027 aptare
1355 1952 1393 2008 ut
1422 1963 1497 2027 pre·

294 2030 477 2113 fulgentem
503 2041 615 2115 gestes
639 2031 673 2095 in
701 2052 802 2096 manu
829 2032 1043 2115 lampadem.
1059 2032 1223 2097 intratura
1247 2032 1362 2114 sponsi
1388 2030 1496 2095 thala-

294 2137 386 2181 mum
409 2138 584 2184 occurras.
599 2120 747 2184 uenienti
771 2140 848 2183 cum
874 2120 1000 2203 gaudio
1016 2168 1023 2184 .
1039 2128 1074 2184 et
1100 2118 1183 2183 nihil
1209 2118 1243 2181 in
1267 2128 1302 2183 te
1328 2118 1498 2202 repperiat

294 2205 457 2269 loetidum
473 2252 481 2270 .
498 2205 579 2269 nihil
616 2206 813 2272 sordidum.
832 2206 915 2270 nihil
953 2205 1114 2271 incultum
1132 2254 1141 2271 .
1158 2204 1240 2269 nihil
1277 2214 1495 2288 corruptum.

295 2291 376 2355 nihil
399 2291 635 2360 inhonestum.
650 2296 711 2359 sed
734 2295 868 2359 niueam
886 2303 921 2359 et
942 2294 1122 2358 candidam
1141 2293 1288 2357 animam
1309 2312 1498 2375 corpusque

295 2380 441 2443 lucidum
472 2389 573 2462 atque
609 2380 848 2464 splendidum.
865 2390 903 2445 ut
931 2402 1008 2445 cum
1038 2381 1110 2445 dies
1139 2380 1195 2444 ille
1223 2380 1418 2444 tremendus
1448 2398 1498 2441 re-

296 2466 534 2531 munerationis
550 2468 737 2532 iustorum.
754 2469 1046 2552 retributionisque
1060 2466 1224 2532 malorum
1240 2467 1414 2531 aduenerit
1430 2485 1496 2528 non

296 2554 445 2618 inueniat
474 2554 508 2617 in
538 2564 573 2619 te
599 2555 703 2619 ultrix
729 2554 868 2620 flamma
897 2559 988 2640 quod
1016 2554 1140 2634 urett.
1156 2556 1216 2618 sed
1246 2553 1362 2617 diuina
1390 2551 1498 2637 pietas

295 2640 386 2720 quod
412 2651 572 2708 coronet.
588 2663 690 2725 quam
716 2643 784 2708 iam
810 2644 843 2707 in
869 2645 934 2708 hoc
955 2644 1089 2709 saeculo
1111 2642 1321 2707 conuersatio
1343 2640 1499 2724 religiosa

296 2727 493 2795 mundanit.
513 2737 550 2793 ut
569 2730 716 2794 tribunal
738 2732 866 2795 aeterni
889 2731 976 2833 regis
1000 2749 1177 2796 ascensura
1197 2729 1353 2822 celsaque
1374 2727 1500 2812 palatia

296 2833 373 2877 cum
383 2814 510 2878 eisdem
522 2818 677 2881 merearis
692 2819 881 2900 portionem
897 2819 954 2902 qui
965 2827 1150 2901 sequuntur
1161 2835 1304 2899 agnum.
1315 2824 1350 2879 et
1360 2824 1499 2879 cantant

297 2901 465 2965 canticum
481 2922 608 2967 nouum
624 2905 695 2967 sine
715 2905 904 2970 cessatione
919 2905 997 2969 illuc
1017 2915 1214 2988 perceptura
1234 2903 1400 2986 premium
1421 2913 1499 3003 post

298 2986 470 3054 laborem.
486 3009 685 3073 semperque
708 3012 847 3058 maneas
873 2994 907 3056 in
930 2994 1104 3056 uiuentum
1127 2991 1288 3074 regione.
1303 2998 1407 3072 atque
1428 2989 1499 3071 ipse

297 3075 473 3141 benedicat
503 3086 538 3141 te
568 3079 611 3141 de
643 3079 744 3142 caelis
774 3078 847 3165 [qui
877 3100 937 3162 per
972 3079 1079 3143 crucis
1112 3079 1303 3161 passionem
1334 3076 1408 3160 [sol.
1428 3077 1498 3155 158

296 3161 481 3227 humanum
506 3185 612 3246 genus
627 3175 678 3230 est
698 3167 857 3249 dignatus
872 3166 1065 3230 redimere
1055 3186 1090 3229 m
1110 3165 1206 3230 terris
1223 3163 1336 3228 ihesus
1358 3163 1500 3228 christus

296 3249 452 3313 dominus
476 3261 609 3316 noster.
626 3253 683 3335 qui
713 3274 790 3318 cum
824 3264 961 3318 aeterno
990 3262 1086 3337 patre
1115 3263 1150 3318 et
1175 3253 1293 3336 spiritu
1318 3260 1436 3314 sancto
1467 3252 1499 3312 in

297 3335 446 3401 trinitate
469 3338 618 3422 perfecta
641 3340 725 3405 uiuit
748 3353 782 3405 et
803 3349 924 3424 regnat
946 3341 981 3404 in
1003 3340 1124 3405 secula.

852 3655 944 3718 Alia.

301 3813 565 3942 OMnipotens
580 3812 824 3897 sempiternae†
807 3812 942 3890 †.deus
957 3814 1081 3880 adiuua
1101 3835 1203 3898 quam
1219 3817 1423 3900 uirginitatis
1442 3819 1501 3883 ho·

412 3918 493 3964 nore
514 3899 672 3982 dignatus
696 3899 732 3964 es
756 3902 935 3964 decorare
952 3902 1096 3984 perferat
1118 3904 1265 3967 inchoati
1284 3906 1398 4007 operis
1421 3927 1500 3970 con·

296 3995 504 4052 summatum
527 3987 707 4053 effectum.
724 3998 758 4053 et
774 4001 929 4052 uotorum
946 4010 1081 4053 suorum
1098 3991 1292 4073 expediat
1282 3993 1499 4058 mstitutum.

297 4074 519 4158 ulrginalique
560 4074 678 4138 habitu
716 4094 774 4158 per
777 4073 883 4139 serat1
919 4074 981 4140 tibi
1019 4077 1138 4142 offerat
1180 4078 1448 4160 plenitudinem.
1466 4092 1500 4145 et

296 4163 394 4226 initia
423 4181 486 4226 sua
516 4161 697 4244 perducere
728 4176 895 4227 mereatur
924 4165 966 4228 ad
1001 4163 1130 4230 finem.
1147 4174 1185 4230 ut
1215 4177 1348 4231 matura
1377 4170 1502 4232 sancti-

296 4249 429 4314 moniae
458 4246 608 4313 cumulet
639 4249 784 4314 merita.
801 4259 835 4314 et
866 4252 1094 4314 centenarium
1125 4271 1248 4316 munus
1278 4254 1321 4318 de
1351 4255 1501 4339 perfecto

292 4337 453 4420 agonae†
477 4337 680 4418 uirginitatis
704 4338 871 4420 accipiat.
887 4357 947 4420 per
962 4339 1150 4406 dominum.

726 4474 866 4542 ²Perhaps
876 4475 917 4525 for
922 4475 1065 4541 pepictam.
