<?xml version="1.0" encoding="UTF-8"?>
<!DOCTYPE html PUBLIC "-//W3C//DTD XHTML 1.0 Transitional//EN"
    "http://www.w3.org/TR/xhtml1/DTD/xhtml1-transitional.dtd">
<html xmlns="http://www.w3.org/1999/xhtml" xml:lang="en" lang="en">
 <head>
  <title>
</title>
<meta http-equiv="Content-Type" content="text/html;charset=utf-8" />
  <meta name='ocr-system' content='tesseract 3.04.00' />
  <meta name='ocr-capabilities' content='ocr_page ocr_carea ocr_par ocr_line ocrx_word'/>
</head>
<body>
  <div class='ocr_page' id='page_1' title='image "benedictionalar00munigoog_0128.png"; bbox 0 0 3375 5250; ppageno 0'>
   <div class='ocr_carea' id='block_1_1' title="bbox 300 398 1151 457">
    <p class='ocr_par' dir='ltr' id='par_1_1' title="bbox 300 398 1151 457">
     <span class='ocr_line' id='line_1_1' title="bbox 300 398 1151 457; baseline 0 0"><span class='ocrx_word' id='word_1_1' title='bbox 300 398 334 450; x_wconf 84' lang='lat'><strong>88</strong></span> <span class='ocrx_word' id='word_1_2' title='bbox 654 406 913 456; x_wconf 67' lang='lat' dir='ltr'><strong>consummo</strong></span> <span class='ocrx_word' id='word_1_3' title='bbox 932 408 1151 457; x_wconf 64' lang='lat' dir='ltr'><strong>accrum„</strong></span> 
     </span>
    </p>
   </div>
   <div class='ocr_carea' id='block_1_2' title="bbox 301 561 1510 996">
    <p class='ocr_par' dir='ltr' id='par_1_2' title="bbox 301 561 1510 996">
     <span class='ocr_line' id='line_1_2' title="bbox 301 561 1509 648; baseline -0.002 -23"><span class='ocrx_word' id='word_1_4' title='bbox 301 562 465 627; x_wconf 89' lang='lat' dir='ltr'><strong>craudum</strong></span> <span class='ocrx_word' id='word_1_5' title='bbox 489 565 582 629; x_wconf 90' lang='lat' dir='ltr'><strong>uocis</strong></span> <span class='ocrx_word' id='word_1_6' title='bbox 611 575 726 643; x_wconf 74' lang='lat' dir='ltr'><strong>nosue</strong></span> <span class='ocrx_word' id='word_1_7' title='bbox 755 576 918 629; x_wconf 85' lang='lat' dir='ltr'><strong>exoratus</strong></span> <span class='ocrx_word' id='word_1_8' title='bbox 946 566 1244 648; x_wconf 74' lang='lat' dir='ltr'><strong>officio.presenti</strong></span> <span class='ocrx_word' id='word_1_9' title='bbox 1272 561 1509 627; x_wconf 87' lang='lat' dir='ltr'><strong>benedictione</strong></span> 
     </span>
     <span class='ocr_line' id='line_1_3' title="bbox 301 650 1508 735; baseline 0 -24"><span class='ocrx_word' id='word_1_10' title='bbox 301 650 520 719; x_wconf 88' lang='lat' dir='ltr'><strong>sanctificet.</strong></span> <span class='ocrx_word' id='word_1_11' title='bbox 543 662 583 718; x_wconf 89' lang='lat' dir='ltr'><strong>ut</strong></span> <span class='ocrx_word' id='word_1_12' title='bbox 618 653 653 715; x_wconf 91' lang='lat' dir='ltr'><strong>in</strong></span> <span class='ocrx_word' id='word_1_13' title='bbox 689 674 732 717; x_wconf 92' lang='lat' dir='ltr'><strong>eo</strong></span> <span class='ocrx_word' id='word_1_14' title='bbox 760 674 896 735; x_wconf 69' lang='lat' dir='ltr'><strong>sempe</strong></span> <span class='ocrx_word' id='word_1_15' title='bbox 922 653 1113 716; x_wconf 89' lang='lat' dir='ltr'><strong>oblationes</strong></span> <span class='ocrx_word' id='word_1_16' title='bbox 1141 652 1343 715; x_wconf 76' lang='lat' dir='ltr'><strong>famulorum</strong></span> <span class='ocrx_word' id='word_1_17' title='bbox 1372 668 1508 713; x_wconf 92' lang='lat' dir='ltr'><strong>suorum</strong></span> 
     </span>
     <span class='ocr_line' id='line_1_4' title="bbox 301 735 1509 823; baseline -0.001 -25"><span class='ocrx_word' id='word_1_18' title='bbox 301 737 416 802; x_wconf 88' lang='lat' dir='ltr'><strong>studio</strong></span> <span class='ocrx_word' id='word_1_19' title='bbox 445 749 560 818; x_wconf 80' lang='lat' dir='ltr'><strong>sancte</strong></span> <span class='ocrx_word' id='word_1_20' title='bbox 590 741 782 804; x_wconf 87' lang='lat' dir='ltr'><strong>deuotionis</strong></span> <span class='ocrx_word' id='word_1_21' title='bbox 812 741 978 823; x_wconf 85' lang='lat' dir='ltr'><strong>inpositas</strong></span> <span class='ocrx_word' id='word_1_22' title='bbox 1008 741 1208 803; x_wconf 85' lang='lat' dir='ltr'><strong>benedicere</strong></span> <span class='ocrx_word' id='word_1_23' title='bbox 1236 750 1272 803; x_wconf 88' lang='lat' dir='ltr'><strong>et</strong></span> <span class='ocrx_word' id='word_1_24' title='bbox 1299 735 1509 801; x_wconf 88' lang='lat' dir='ltr'><strong>sanctificare</strong></span> 
     </span>
     <span class='ocr_line' id='line_1_5' title="bbox 302 823 1510 910; baseline -0.002 -24"><span class='ocrx_word' id='word_1_25' title='bbox 302 823 482 903; x_wconf 83' lang='lat' dir='ltr'><strong>dignetur.</strong></span> <span class='ocrx_word' id='word_1_26' title='bbox 498 838 534 892; x_wconf 88' lang='lat' dir='ltr'><strong>et</strong></span> <span class='ocrx_word' id='word_1_27' title='bbox 574 827 717 910; x_wconf 85' lang='lat' dir='ltr'><strong>spiritali</strong></span> <span class='ocrx_word' id='word_1_28' title='bbox 754 827 909 909; x_wconf 87' lang='lat' dir='ltr'><strong>placatus</strong></span> <span class='ocrx_word' id='word_1_29' title='bbox 940 828 1080 890; x_wconf 81' lang='lat' dir='ltr'><strong>incenso</strong></span> <span class='ocrx_word' id='word_1_30' title='bbox 1114 827 1265 908; x_wconf 82' lang='lat' dir='ltr'><strong>precanti</strong></span> <span class='ocrx_word' id='word_1_31' title='bbox 1293 825 1421 902; x_wconf 78' lang='lat' dir='ltr'><strong>familie</strong></span> <span class='ocrx_word' id='word_1_32' title='bbox 1449 842 1510 885; x_wconf 93' lang='lat' dir='ltr'><strong>sue</strong></span> 
     </span>
     <span class='ocr_line' id='line_1_6' title="bbox 303 911 1334 996; baseline 0.004 -23"><span class='ocrx_word' id='word_1_33' title='bbox 303 924 481 995; x_wconf 89' lang='lat' dir='ltr'><strong>promptus</strong></span> <span class='ocrx_word' id='word_1_34' title='bbox 506 911 689 979; x_wconf 80' lang='lat' dir='ltr'>exauditor</span> <span class='ocrx_word' id='word_1_35' title='bbox 709 916 872 980; x_wconf 79' lang='lat' dir='ltr'><strong>assistat.</strong></span> <span class='ocrx_word' id='word_1_36' title='bbox 887 935 949 996; x_wconf 70' lang='lat' dir='ltr'><strong>pm</strong></span> <span class='ocrx_word' id='word_1_37' title='bbox 971 915 1148 978; x_wconf 91' lang='lat' dir='ltr'><strong>dominum</strong></span> <span class='ocrx_word' id='word_1_38' title='bbox 1171 924 1334 978; x_wconf 85' lang='lat' dir='ltr'><strong>nostrum</strong></span> 
     </span>
    </p>
   </div>
   <div class='ocr_carea' id='block_1_3' title="bbox 343 1248 1464 1420">
    <p class='ocr_par' dir='ltr' id='par_1_3' title="bbox 343 1248 1464 1420">
     <span class='ocr_line' id='line_1_7' title="bbox 343 1248 1464 1335; baseline -0.001 -26"><span class='ocrx_word' id='word_1_39' title='bbox 343 1248 468 1311; x_wconf 81' lang='lat' dir='ltr'><strong>Iterum</strong></span> <span class='ocrx_word' id='word_1_40' title='bbox 490 1248 582 1312; x_wconf 76' lang='lat' dir='ltr'><strong>disat</strong></span> <span class='ocrx_word' id='word_1_41' title='bbox 592 1250 748 1332; x_wconf 80' lang='lat' dir='ltr'><strong>pontiser</strong></span> <span class='ocrx_word' id='word_1_42' title='bbox 765 1272 895 1313; x_wconf 80' lang='lat' dir='ltr'><strong>omnus</strong></span> <span class='ocrx_word' id='word_1_43' title='bbox 907 1302 916 1313; x_wconf 95' lang='lat'><strong><em>.</em></strong></span> <span class='ocrx_word' id='word_1_44' title='bbox 929 1262 964 1313; x_wconf 71' lang='lat' dir='ltr'><em>a</em></span> <span class='ocrx_word' id='word_1_45' title='bbox 981 1250 1136 1313; x_wconf 70' lang='lat' dir='ltr'><strong>daucum</strong></span> <span class='ocrx_word' id='word_1_46' title='bbox 1147 1250 1337 1335; x_wconf 69' lang='lat' dir='ltr'><strong>,statamus</strong></span> <span class='ocrx_word' id='word_1_47' title='bbox 1352 1265 1464 1330; x_wconf 80' lang='lat' dir='ltr'><strong>genua</strong></span> 
     </span>
     <span class='ocr_line' id='line_1_8' title="bbox 658 1338 1155 1420; baseline 0.008 -22"><span class='ocrx_word' id='word_1_48' title='bbox 658 1348 697 1399; x_wconf 86' lang='lat' dir='ltr'><strong>ut</strong></span> <span class='ocrx_word' id='word_1_49' title='bbox 715 1350 841 1420; x_wconf 80' lang='lat' dir='ltr'><strong>supra.</strong></span> <span class='ocrx_word' id='word_1_50' title='bbox 859 1338 1022 1419; x_wconf 76' lang='lat' dir='ltr'><strong>Sequitur</strong></span> <span class='ocrx_word' id='word_1_51' title='bbox 1040 1339 1155 1402; x_wconf 67' lang='lat' dir='ltr'><strong>oroth.</strong></span> 
     </span>
    </p>
   </div>
   <div class='ocr_carea' id='block_1_4' title="bbox 306 1502 1506 1632">
    <p class='ocr_par' dir='ltr' id='par_1_4' title="bbox 306 1502 1506 1632">
     <span class='ocr_line' id='line_1_9' title="bbox 306 1502 1506 1632; baseline -0.008 -62"><span class='ocrx_word' id='word_1_52' title='bbox 306 1504 443 1632; x_wconf 85' lang='lat' dir='ltr'><strong>DEus</strong></span> <span class='ocrx_word' id='word_1_53' title='bbox 472 1508 687 1589; x_wconf 90' lang='lat' dir='ltr'><strong>omnipotens</strong></span> <span class='ocrx_word' id='word_1_54' title='bbox 716 1508 751 1570; x_wconf 89' lang='lat' dir='ltr'><strong>iu</strong></span> <span class='ocrx_word' id='word_1_55' title='bbox 780 1508 876 1572; x_wconf 90' lang='lat' dir='ltr'><strong>cuius</strong></span> <span class='ocrx_word' id='word_1_56' title='bbox 900 1508 1030 1572; x_wconf 88' lang='lat' dir='ltr'>honore</span> <span class='ocrx_word' id='word_1_57' title='bbox 1054 1508 1120 1572; x_wconf 89' lang='lat' dir='ltr'><strong>hoc</strong></span> <span class='ocrx_word' id='word_1_58' title='bbox 1144 1508 1251 1571; x_wconf 89' lang='lat' dir='ltr'><strong>altare</strong></span> <span class='ocrx_word' id='word_1_59' title='bbox 1279 1504 1344 1568; x_wconf 91' lang='lat' dir='ltr'><strong>sub</strong></span> <span class='ocrx_word' id='word_1_60' title='bbox 1373 1502 1506 1564; x_wconf 90' lang='lat' dir='ltr'><strong>inuoca-</strong></span> 
     </span>
    </p>
   </div>
   <div class='ocr_carea' id='block_1_5' title="bbox 296 1594 1507 2269">
    <p class='ocr_par' dir='ltr' id='par_1_5' title="bbox 296 1594 1507 2269">
     <span class='ocr_line' id='line_1_10' title="bbox 413 1594 1507 1677; baseline -0.009 -20"><span class='ocrx_word' id='word_1_61' title='bbox 413 1594 508 1657; x_wconf 85' lang='lat' dir='ltr'><strong>tione</strong></span> <span class='ocrx_word' id='word_1_62' title='bbox 530 1596 677 1657; x_wconf 90' lang='lat' dir='ltr'><strong>nominis</strong></span> <span class='ocrx_word' id='word_1_63' title='bbox 701 1596 751 1658; x_wconf 90' lang='lat' dir='ltr'><strong>tui</strong></span> <span class='ocrx_word' id='word_1_64' title='bbox 776 1596 906 1677; x_wconf 85' lang='lat' dir='ltr'><strong>indigni</strong></span> <span class='ocrx_word' id='word_1_65' title='bbox 934 1616 1170 1659; x_wconf 86' lang='lat' dir='ltr'><strong>consecramus</strong></span> <span class='ocrx_word' id='word_1_66' title='bbox 1194 1596 1343 1657; x_wconf 90' lang='lat' dir='ltr'><strong>clemens</strong></span> <span class='ocrx_word' id='word_1_67' title='bbox 1368 1600 1404 1653; x_wconf 91' lang='lat' dir='ltr'><strong>et</strong></span> <span class='ocrx_word' id='word_1_68' title='bbox 1432 1606 1507 1669; x_wconf 76' lang='lat' dir='ltr'><strong>pro</strong></span> 
     </span>
     <span class='ocr_line' id='line_1_11' title="bbox 299 1676 1506 1765; baseline -0.01 -19"><span class='ocrx_word' id='word_1_69' title='bbox 299 1683 403 1765; x_wconf 85' lang='lat' dir='ltr'><strong>pitius</strong></span> <span class='ocrx_word' id='word_1_70' title='bbox 426 1702 542 1763; x_wconf 77' lang='lat' dir='ltr'>preces</span> <span class='ocrx_word' id='word_1_71' title='bbox 567 1691 682 1759; x_wconf 78' lang='lat' dir='ltr'><strong>nostre</strong></span> <span class='ocrx_word' id='word_1_72' title='bbox 705 1681 907 1747; x_wconf 88' lang='lat' dir='ltr'><strong>humilitatis</strong></span> <span class='ocrx_word' id='word_1_73' title='bbox 935 1684 1063 1746; x_wconf 84' lang='lat' dir='ltr'><strong>exaudi</strong></span> <span class='ocrx_word' id='word_1_74' title='bbox 1078 1731 1089 1747; x_wconf 91' lang='lat'><strong>.</strong></span> <span class='ocrx_word' id='word_1_75' title='bbox 1104 1693 1140 1745; x_wconf 93' lang='lat' dir='ltr'><strong>et</strong></span> <span class='ocrx_word' id='word_1_76' title='bbox 1169 1690 1284 1765; x_wconf 76' lang='lat' dir='ltr'><strong>presta</strong></span> <span class='ocrx_word' id='word_1_77' title='bbox 1311 1689 1350 1742; x_wconf 93' lang='lat' dir='ltr'><strong>ut</strong></span> <span class='ocrx_word' id='word_1_78' title='bbox 1379 1678 1414 1740; x_wconf 91' lang='lat' dir='ltr'><strong>in</strong></span> <span class='ocrx_word' id='word_1_79' title='bbox 1441 1676 1506 1737; x_wconf 90' lang='lat' dir='ltr'><strong>hac</strong></span> 
     </span>
     <span class='ocr_line' id='line_1_12' title="bbox 301 1763 1507 1853; baseline -0.007 -20"><span class='ocrx_word' id='word_1_80' title='bbox 301 1768 509 1833; x_wconf 81' lang='lat' dir='ltr'><strong>mensa-sint</strong></span> <span class='ocrx_word' id='word_1_81' title='bbox 529 1768 592 1831; x_wconf 91' lang='lat' dir='ltr'><strong>tibi</strong></span> <span class='ocrx_word' id='word_1_82' title='bbox 618 1769 781 1832; x_wconf 83' lang='lat' dir='ltr'><strong>libamina</strong></span> <span class='ocrx_word' id='word_1_83' title='bbox 806 1778 969 1853; x_wconf 90' lang='lat' dir='ltr'><strong>accepta.</strong></span> <span class='ocrx_word' id='word_1_84' title='bbox 984 1771 1053 1833; x_wconf 90' lang='lat' dir='ltr'><strong>sint</strong></span> <span class='ocrx_word' id='word_1_85' title='bbox 1077 1778 1175 1851; x_wconf 86' lang='lat' dir='ltr'><strong>grata</strong></span> <span class='ocrx_word' id='word_1_86' title='bbox 1190 1819 1201 1834; x_wconf 88' lang='lat'><strong>.</strong></span> <span class='ocrx_word' id='word_1_87' title='bbox 1216 1770 1285 1831; x_wconf 89' lang='lat' dir='ltr'><strong>sint</strong></span> <span class='ocrx_word' id='word_1_88' title='bbox 1308 1763 1449 1849; x_wconf 82' lang='lat' dir='ltr'><strong>pinguia</strong></span> <span class='ocrx_word' id='word_1_89' title='bbox 1472 1771 1507 1822; x_wconf 88' lang='lat' dir='ltr'><strong>et</strong></span> 
     </span>
     <span class='ocr_line' id='line_1_13' title="bbox 299 1850 1507 1940; baseline -0.008 -20"><span class='ocrx_word' id='word_1_90' title='bbox 299 1856 435 1940; x_wconf 86' lang='lat' dir='ltr'><strong>spiritus</strong></span> <span class='ocrx_word' id='word_1_91' title='bbox 450 1856 558 1919; x_wconf 91' lang='lat' dir='ltr'><strong>sancti</strong></span> <span class='ocrx_word' id='word_1_92' title='bbox 579 1856 629 1919; x_wconf 92' lang='lat' dir='ltr'><strong>tui</strong></span> <span class='ocrx_word' id='word_1_93' title='bbox 649 1877 782 1938; x_wconf 85' lang='lat' dir='ltr'>semper</span> <span class='ocrx_word' id='word_1_94' title='bbox 797 1878 871 1920; x_wconf 92' lang='lat' dir='ltr'><strong>rore</strong></span> <span class='ocrx_word' id='word_1_95' title='bbox 889 1857 1096 1939; x_wconf 69' lang='lat' dir='ltr'><strong>pertusant</strong></span> <span class='ocrx_word' id='word_1_96' title='bbox 1109 1858 1204 1920; x_wconf 90' lang='lat' dir='ltr'><strong>omni</strong></span> <span class='ocrx_word' id='word_1_97' title='bbox 1224 1867 1379 1937; x_wconf 91' lang='lat' dir='ltr'><strong>tempore</strong></span> <span class='ocrx_word' id='word_1_98' title='bbox 1393 1852 1428 1913; x_wconf 93' lang='lat' dir='ltr'><strong>in</strong></span> <span class='ocrx_word' id='word_1_99' title='bbox 1442 1850 1507 1913; x_wconf 90' lang='lat' dir='ltr'><strong>hoc</strong></span> 
     </span>
     <span class='ocr_line' id='line_1_14' title="bbox 298 1938 1506 2025; baseline -0.008 -18"><span class='ocrx_word' id='word_1_100' title='bbox 298 1945 374 2007; x_wconf 94' lang='lat' dir='ltr'><strong>loco</strong></span> <span class='ocrx_word' id='word_1_101' title='bbox 403 1942 625 2025; x_wconf 89' lang='lat' dir='ltr'><strong>supplicantis</strong></span> <span class='ocrx_word' id='word_1_102' title='bbox 654 1944 717 2006; x_wconf 92' lang='lat' dir='ltr'><strong>tibi</strong></span> <span class='ocrx_word' id='word_1_103' title='bbox 751 1944 879 2021; x_wconf 79' lang='lat' dir='ltr'><strong>familie</strong></span> <span class='ocrx_word' id='word_1_104' title='bbox 908 1946 1101 2008; x_wconf 86' lang='lat' dir='ltr'><strong>anxietates</strong></span> <span class='ocrx_word' id='word_1_105' title='bbox 1129 1945 1259 2007; x_wconf 75' lang='lat' dir='ltr'><strong>releues</strong></span> <span class='ocrx_word' id='word_1_106' title='bbox 1274 1990 1285 2007; x_wconf 91' lang='lat'><strong>.</strong></span> <span class='ocrx_word' id='word_1_107' title='bbox 1300 1938 1506 2023; x_wconf 82' lang='lat' dir='ltr'><strong>egritudines</strong></span> 
     </span>
     <span class='ocr_line' id='line_1_15' title="bbox 299 2025 1504 2113; baseline -0.009 -19"><span class='ocrx_word' id='word_1_108' title='bbox 299 2052 393 2095; x_wconf 87' lang='lat' dir='ltr'><strong>cures</strong></span> <span class='ocrx_word' id='word_1_109' title='bbox 408 2079 416 2093; x_wconf 91' lang='lat'><strong>.</strong></span> <span class='ocrx_word' id='word_1_110' title='bbox 432 2050 548 2113; x_wconf 84' lang='lat' dir='ltr'><strong>preces</strong></span> <span class='ocrx_word' id='word_1_111' title='bbox 577 2030 767 2095; x_wconf 88' lang='lat' dir='ltr'><strong>exaudias.</strong></span> <span class='ocrx_word' id='word_1_112' title='bbox 783 2040 865 2096; x_wconf 89' lang='lat' dir='ltr'><strong>uota</strong></span> <span class='ocrx_word' id='word_1_113' title='bbox 894 2033 1058 2113; x_wconf 85' lang='lat' dir='ltr'><strong>suscipias</strong></span> <span class='ocrx_word' id='word_1_114' title='bbox 1072 2083 1080 2095; x_wconf 94' lang='lat'><em>.</em></span> <span class='ocrx_word' id='word_1_115' title='bbox 1094 2031 1287 2094; x_wconf 88' lang='lat' dir='ltr'><strong>desiderata</strong></span> <span class='ocrx_word' id='word_1_116' title='bbox 1309 2025 1504 2091; x_wconf 86' lang='lat' dir='ltr'><strong>confirmes.</strong></span> 
     </span>
     <span class='ocr_line' id='line_1_16' title="bbox 299 2112 1505 2201; baseline -0.008 -20"><span class='ocrx_word' id='word_1_117' title='bbox 299 2117 469 2201; x_wconf 87' lang='lat' dir='ltr'><strong>postulata</strong></span> <span class='ocrx_word' id='word_1_118' title='bbox 484 2117 665 2201; x_wconf 77' lang='lat' dir='ltr'><strong>lconcedas</strong></span> <span class='ocrx_word' id='word_1_119' title='bbox 682 2165 691 2181; x_wconf 91' lang='lat'><strong>.</strong></span> <span class='ocrx_word' id='word_1_120' title='bbox 708 2139 768 2200; x_wconf 89' lang='lat' dir='ltr'><strong>per</strong></span> <span class='ocrx_word' id='word_1_121' title='bbox 789 2118 966 2182; x_wconf 91' lang='lat' dir='ltr'><strong>domiuum</strong></span> <span class='ocrx_word' id='word_1_122' title='bbox 990 2129 1144 2182; x_wconf 90' lang='lat' dir='ltr'><strong>nostrum</strong></span> <span class='ocrx_word' id='word_1_123' title='bbox 1165 2119 1297 2181; x_wconf 90' lang='lat' dir='ltr'><strong>ihesum</strong></span> <span class='ocrx_word' id='word_1_124' title='bbox 1321 2112 1505 2200; x_wconf 82' lang='lat' dir='ltr'><strong>[l0l107v.</strong></span> 
     </span>
     <span class='ocr_line' id='line_1_17' title="bbox 296 2206 471 2269; baseline 0.006 -1"><span class='ocrx_word' id='word_1_125' title='bbox 296 2206 471 2269; x_wconf 89' lang='lat' dir='ltr'><strong>christum.</strong></span> 
     </span>
    </p>
   </div>
   <div class='ocr_carea' id='block_1_6' title="bbox 297 2540 1508 2802">
    <p class='ocr_par' dir='ltr' id='par_1_6' title="bbox 297 2540 1508 2802">
     <span class='ocr_line' id='line_1_18' title="bbox 341 2540 1506 2627; baseline -0.004 -20"><span class='ocrx_word' id='word_1_126' title='bbox 341 2544 495 2627; x_wconf 81' lang='lat' dir='ltr'><strong>Presatiu</strong></span> <span class='ocrx_word' id='word_1_127' title='bbox 522 2556 617 2627; x_wconf 83' lang='lat' dir='ltr'><strong>super</strong></span> <span class='ocrx_word' id='word_1_128' title='bbox 642 2544 777 2607; x_wconf 86' lang='lat' dir='ltr'><strong>altare.</strong></span> <span class='ocrx_word' id='word_1_129' title='bbox 801 2543 968 2608; x_wconf 82' lang='lat' dir='ltr'><strong>Dominus</strong></span> <span class='ocrx_word' id='word_1_130' title='bbox 991 2546 1155 2609; x_wconf 73' lang='lat' dir='ltr'><strong>rmbucum</strong></span> <span class='ocrx_word' id='word_1_131' title='bbox 1175 2594 1185 2609; x_wconf 89' lang='lat'><strong>.</strong></span> <span class='ocrx_word' id='word_1_132' title='bbox 1208 2544 1259 2607; x_wconf 86' lang='lat' dir='ltr'><strong>Et</strong></span> <span class='ocrx_word' id='word_1_133' title='bbox 1284 2564 1357 2606; x_wconf 89' lang='lat' dir='ltr'><strong>cum</strong></span> <span class='ocrx_word' id='word_1_134' title='bbox 1385 2540 1506 2624; x_wconf 83' lang='lat' dir='ltr'><strong>spiritu</strong></span> 
     </span>
     <span class='ocr_line' id='line_1_19' title="bbox 297 2630 1508 2709; baseline -0.003 -13"><span class='ocrx_word' id='word_1_135' title='bbox 297 2643 384 2696; x_wconf 81' lang='lat' dir='ltr'><strong>tuo.</strong></span> <span class='ocrx_word' id='word_1_136' title='bbox 414 2630 558 2695; x_wconf 82' lang='lat' dir='ltr'><strong>Sursum</strong></span> <span class='ocrx_word' id='word_1_137' title='bbox 595 2631 723 2697; x_wconf 85' lang='lat' dir='ltr'><strong>corda.</strong></span> <span class='ocrx_word' id='word_1_138' title='bbox 751 2631 800 2709; x_wconf 67' lang='lat' dir='ltr'><strong>Ru</strong></span> <span class='ocrx_word' id='word_1_139' title='bbox 840 2633 1011 2697; x_wconf 84' lang='lat' dir='ltr'><strong>Habemus</strong></span> <span class='ocrx_word' id='word_1_140' title='bbox 1049 2633 1099 2696; x_wconf 84' lang='lat' dir='ltr'><strong>ad</strong></span> <span class='ocrx_word' id='word_1_141' title='bbox 1129 2633 1299 2696; x_wconf 82' lang='lat' dir='ltr'><strong>dominum</strong></span> <span class='ocrx_word' id='word_1_142' title='bbox 1328 2682 1337 2696; x_wconf 92' lang='lat'><strong>.</strong></span> <span class='ocrx_word' id='word_1_143' title='bbox 1369 2631 1508 2694; x_wconf 75' lang='lat' dir='ltr'><strong>Gratias</strong></span> 
     </span>
     <span class='ocr_line' id='line_1_20' title="bbox 297 2719 1340 2802; baseline 0.001 -19"><span class='ocrx_word' id='word_1_144' title='bbox 297 2738 438 2802; x_wconf 82' lang='lat' dir='ltr'><strong>agamus</strong></span> <span class='ocrx_word' id='word_1_145' title='bbox 458 2719 589 2781; x_wconf 76' lang='lat' dir='ltr'><strong>domino</strong></span> <span class='ocrx_word' id='word_1_146' title='bbox 612 2719 668 2782; x_wconf 83' lang='lat' dir='ltr'><strong>deo</strong></span> <span class='ocrx_word' id='word_1_147' title='bbox 691 2729 822 2783; x_wconf 81' lang='lat' dir='ltr'><strong>nostru.</strong></span> <span class='ocrx_word' id='word_1_148' title='bbox 840 2719 890 2797; x_wconf 59' lang='lat' dir='ltr'><strong>Rp.</strong></span> <span class='ocrx_word' id='word_1_149' title='bbox 910 2721 1063 2802; x_wconf 56' lang='lat' dir='ltr'><strong>Dignum</strong></span> <span class='ocrx_word' id='word_1_150' title='bbox 1084 2732 1119 2784; x_wconf 84' lang='lat' dir='ltr'><strong>et</strong></span> <span class='ocrx_word' id='word_1_151' title='bbox 1137 2721 1262 2783; x_wconf 87' lang='lat' dir='ltr'><strong>iustum</strong></span> <span class='ocrx_word' id='word_1_152' title='bbox 1284 2728 1340 2784; x_wconf 86' lang='lat' dir='ltr'><strong>est.</strong></span> 
     </span>
    </p>
   </div>
   <div class='ocr_carea' id='block_1_7' title="bbox 292 2914 1505 4369">
    <p class='ocr_par' dir='ltr' id='par_1_7' title="bbox 419 2914 1505 2998">
     <span class='ocr_line' id='line_1_21' title="bbox 419 2914 1505 2998; baseline -0.001 -21"><span class='ocrx_word' id='word_1_153' title='bbox 419 2914 546 2978; x_wconf 86' lang='lat' dir='ltr'><strong>Eterne</strong></span> <span class='ocrx_word' id='word_1_154' title='bbox 578 2915 662 2978; x_wconf 91' lang='lat' dir='ltr'><strong>deus</strong></span> <span class='ocrx_word' id='word_1_155' title='bbox 679 2964 687 2979; x_wconf 93' lang='lat'><strong>.</strong></span> <span class='ocrx_word' id='word_1_156' title='bbox 706 2915 758 2980; x_wconf 94' lang='lat' dir='ltr'><strong>Ut</strong></span> <span class='ocrx_word' id='word_1_157' title='bbox 784 2916 992 2998; x_wconf 84' lang='lat' dir='ltr'><strong>propensiori</strong></span> <span class='ocrx_word' id='word_1_158' title='bbox 1017 2937 1099 2980; x_wconf 91' lang='lat' dir='ltr'><strong>cura</strong></span> <span class='ocrx_word' id='word_1_159' title='bbox 1128 2926 1164 2980; x_wconf 89' lang='lat' dir='ltr'><strong>et</strong></span> <span class='ocrx_word' id='word_1_160' title='bbox 1193 2916 1367 2980; x_wconf 88' lang='lat' dir='ltr'><strong>attentiori</strong></span> <span class='ocrx_word' id='word_1_161' title='bbox 1397 2914 1505 2977; x_wconf 84' lang='lat' dir='ltr'><strong>famu-</strong></span> 
     </span>
    </p>

    <p class='ocr_par' dir='ltr' id='par_1_8' title="bbox 292 3001 1505 4369">
     <span class='ocr_line' id='line_1_22' title="bbox 432 3001 1504 3085; baseline -0.002 -21"><span class='ocrx_word' id='word_1_162' title='bbox 432 3001 503 3065; x_wconf 91' lang='lat' dir='ltr'><strong>latu</strong></span> <span class='ocrx_word' id='word_1_163' title='bbox 521 3050 531 3067; x_wconf 87' lang='lat'><strong>.</strong></span> <span class='ocrx_word' id='word_1_164' title='bbox 547 3001 608 3066; x_wconf 89' lang='lat' dir='ltr'><strong>tibi</strong></span> <span class='ocrx_word' id='word_1_165' title='bbox 644 3003 815 3066; x_wconf 90' lang='lat' dir='ltr'><strong>seruitutis</strong></span> <span class='ocrx_word' id='word_1_166' title='bbox 850 3002 960 3066; x_wconf 87' lang='lat' dir='ltr'><strong>officia</strong></span> <span class='ocrx_word' id='word_1_167' title='bbox 995 3003 1187 3067; x_wconf 82' lang='lat' dir='ltr'><strong>deferamus</strong></span> <span class='ocrx_word' id='word_1_168' title='bbox 1202 3052 1213 3069; x_wconf 91' lang='lat'><strong>.</strong></span> <span class='ocrx_word' id='word_1_169' title='bbox 1228 3004 1294 3066; x_wconf 91' lang='lat' dir='ltr'><strong>boc</strong></span> <span class='ocrx_word' id='word_1_170' title='bbox 1331 3002 1504 3085; x_wconf 86' lang='lat' dir='ltr'><strong>presertim</strong></span> 
     </span>
     <span class='ocr_line' id='line_1_23' title="bbox 299 3087 1501 3171; baseline 0.001 -22"><span class='ocrx_word' id='word_1_171' title='bbox 299 3087 333 3150; x_wconf 90' lang='lat' dir='ltr'><strong>in</strong></span> <span class='ocrx_word' id='word_1_172' title='bbox 357 3097 508 3170; x_wconf 90' lang='lat' dir='ltr'><strong>tempore</strong></span> <span class='ocrx_word' id='word_1_173' title='bbox 530 3109 599 3171; x_wconf 92' lang='lat' dir='ltr'><strong>quo</strong></span> <span class='ocrx_word' id='word_1_174' title='bbox 622 3089 851 3171; x_wconf 83' lang='lat' dir='ltr'><strong>religiosarum</strong></span> <span class='ocrx_word' id='word_1_175' title='bbox 874 3091 1038 3153; x_wconf 89' lang='lat' dir='ltr'><strong>mentium</strong></span> <span class='ocrx_word' id='word_1_176' title='bbox 1062 3092 1255 3155; x_wconf 90' lang='lat' dir='ltr'><strong>habiturum</strong></span> <span class='ocrx_word' id='word_1_177' title='bbox 1281 3089 1501 3153; x_wconf 88' lang='lat' dir='ltr'><strong>reuerentiam</strong></span> 
     </span>
     <span class='ocr_line' id='line_1_24' title="bbox 300 3174 1504 3259; baseline 0 -22"><span class='ocrx_word' id='word_1_178' title='bbox 300 3174 405 3238; x_wconf 87' lang='lat' dir='ltr'><strong>altare</strong></span> <span class='ocrx_word' id='word_1_179' title='bbox 441 3176 670 3240; x_wconf 82' lang='lat' dir='ltr'><strong>dedicamus,</strong></span> <span class='ocrx_word' id='word_1_180' title='bbox 696 3175 847 3259; x_wconf 84' lang='lat' dir='ltr'><strong>Dignare</strong></span> <span class='ocrx_word' id='word_1_181' title='bbox 884 3177 987 3259; x_wconf 83' lang='lat' dir='ltr'><strong>igitur</strong></span> <span class='ocrx_word' id='word_1_182' title='bbox 1029 3179 1222 3242; x_wconf 90' lang='lat' dir='ltr'><strong>dominator</strong></span> <span class='ocrx_word' id='word_1_183' title='bbox 1263 3179 1402 3240; x_wconf 90' lang='lat' dir='ltr'><strong>domine</strong></span> <span class='ocrx_word' id='word_1_184' title='bbox 1439 3174 1504 3238; x_wconf 90' lang='lat' dir='ltr'><strong>hoc</strong></span> 
     </span>
     <span class='ocr_line' id='line_1_25' title="bbox 299 3263 1503 3347; baseline -0.001 -22"><span class='ocrx_word' id='word_1_185' title='bbox 299 3281 481 3344; x_wconf 90' lang='lat' dir='ltr'><strong>quesumus</strong></span> <span class='ocrx_word' id='word_1_186' title='bbox 518 3263 624 3326; x_wconf 88' lang='lat' dir='ltr'><strong>altare</strong></span> <span class='ocrx_word' id='word_1_187' title='bbox 661 3263 776 3327; x_wconf 87' lang='lat' dir='ltr'><strong>celesti</strong></span> <span class='ocrx_word' id='word_1_188' title='bbox 809 3263 1075 3329; x_wconf 89' lang='lat' dir='ltr'><strong>sanctificatione</strong></span> <span class='ocrx_word' id='word_1_189' title='bbox 1103 3266 1303 3347; x_wconf 85' lang='lat' dir='ltr'><strong>perfundere</strong></span> <span class='ocrx_word' id='word_1_190' title='bbox 1332 3275 1367 3328; x_wconf 91' lang='lat' dir='ltr'><strong>et</strong></span> <span class='ocrx_word' id='word_1_191' title='bbox 1403 3263 1503 3326; x_wconf 90' lang='lat' dir='ltr'><strong>bene-</strong></span> 
     </span>
     <span class='ocr_line' id='line_1_26' title="bbox 299 3348 1504 3435; baseline 0.001 -24"><span class='ocrx_word' id='word_1_192' title='bbox 299 3348 433 3414; x_wconf 88' lang='lat' dir='ltr'><strong>dicere.</strong></span> <span class='ocrx_word' id='word_1_193' title='bbox 448 3361 486 3414; x_wconf 90' lang='lat' dir='ltr'><strong>ut</strong></span> <span class='ocrx_word' id='word_1_194' title='bbox 520 3351 630 3413; x_wconf 90' lang='lat' dir='ltr'><strong>sancti</strong></span> <span class='ocrx_word' id='word_1_195' title='bbox 667 3351 803 3432; x_wconf 88' lang='lat' dir='ltr'><strong>spiritus</strong></span> <span class='ocrx_word' id='word_1_196' title='bbox 831 3351 1068 3416; x_wconf 88' lang='lat' dir='ltr'><strong>inlustratione</strong></span> <span class='ocrx_word' id='word_1_197' title='bbox 1096 3352 1286 3435; x_wconf 79' lang='lat' dir='ltr'><strong>prefulgeat</strong></span> <span class='ocrx_word' id='word_1_198' title='bbox 1304 3399 1314 3415; x_wconf 89' lang='lat'><strong>.</strong></span> <span class='ocrx_word' id='word_1_199' title='bbox 1331 3351 1385 3416; x_wconf 90' lang='lat' dir='ltr'><strong>Sit</strong></span> <span class='ocrx_word' id='word_1_200' title='bbox 1415 3350 1504 3413; x_wconf 91' lang='lat' dir='ltr'><strong>illius</strong></span> 
     </span>
     <span class='ocr_line' id='line_1_27' title="bbox 300 3438 1505 3522; baseline 0.001 -24"><span class='ocrx_word' id='word_1_201' title='bbox 300 3455 435 3520; x_wconf 88' lang='lat' dir='ltr'><strong>quoque</strong></span> <span class='ocrx_word' id='word_1_202' title='bbox 464 3438 555 3518; x_wconf 90' lang='lat' dir='ltr'><strong>apud</strong></span> <span class='ocrx_word' id='word_1_203' title='bbox 585 3446 621 3501; x_wconf 91' lang='lat' dir='ltr'><strong>te</strong></span> <span class='ocrx_word' id='word_1_204' title='bbox 646 3438 754 3520; x_wconf 78' lang='lat' dir='ltr'><strong>gratie</strong></span> <span class='ocrx_word' id='word_1_205' title='bbox 779 3439 873 3500; x_wconf 91' lang='lat' dir='ltr'><strong>cuius</strong></span> <span class='ocrx_word' id='word_1_206' title='bbox 896 3439 960 3502; x_wconf 87' lang='lat' dir='ltr'><strong>luit</strong></span> <span class='ocrx_word' id='word_1_207' title='bbox 985 3439 1068 3503; x_wconf 90' lang='lat' dir='ltr'><strong>illud</strong></span> <span class='ocrx_word' id='word_1_208' title='bbox 1097 3440 1191 3522; x_wconf 90' lang='lat' dir='ltr'><strong>quod</strong></span> <span class='ocrx_word' id='word_1_209' title='bbox 1220 3440 1381 3503; x_wconf 87' lang='lat' dir='ltr'><strong>abraham</strong></span> <span class='ocrx_word' id='word_1_210' title='bbox 1407 3447 1505 3521; x_wconf 86' lang='lat' dir='ltr'><strong>pater</strong></span> 
     </span>
     <span class='ocr_line' id='line_1_28' title="bbox 297 3521 1502 3609; baseline 0.002 -25"><span class='ocrx_word' id='word_1_211' title='bbox 297 3521 376 3586; x_wconf 86' lang='lat' dir='ltr'><strong>fidei</strong></span> <span class='ocrx_word' id='word_1_212' title='bbox 401 3532 514 3601; x_wconf 78' lang='lat' dir='ltr'><strong>nostre</strong></span> <span class='ocrx_word' id='word_1_213' title='bbox 539 3523 644 3588; x_wconf 89' lang='lat' dir='ltr'><strong>filium</strong></span> <span class='ocrx_word' id='word_1_214' title='bbox 675 3525 909 3588; x_wconf 90' lang='lat' dir='ltr'><strong>immolaturus</strong></span> <span class='ocrx_word' id='word_1_215' title='bbox 935 3527 1089 3590; x_wconf 88' lang='lat' dir='ltr'><strong>extruxit</strong></span> <span class='ocrx_word' id='word_1_216' title='bbox 1104 3575 1114 3590; x_wconf 88' lang='lat'><strong>.</strong></span> <span class='ocrx_word' id='word_1_217' title='bbox 1129 3527 1223 3609; x_wconf 91' lang='lat' dir='ltr'><strong>quod</strong></span> <span class='ocrx_word' id='word_1_218' title='bbox 1246 3528 1336 3590; x_wconf 87' lang='lat' dir='ltr'><strong>isaac</strong></span> <span class='ocrx_word' id='word_1_219' title='bbox 1363 3526 1398 3588; x_wconf 91' lang='lat' dir='ltr'><strong>in</strong></span> <span class='ocrx_word' id='word_1_220' title='bbox 1423 3546 1502 3588; x_wconf 91' lang='lat' dir='ltr'><strong>con-</strong></span> 
     </span>
     <span class='ocr_line' id='line_1_29' title="bbox 297 3611 1502 3695; baseline 0.003 -25"><span class='ocrx_word' id='word_1_221' title='bbox 297 3619 414 3691; x_wconf 89' lang='lat' dir='ltr'><strong>spectu</strong></span> <span class='ocrx_word' id='word_1_222' title='bbox 438 3619 496 3689; x_wconf 80' lang='lat' dir='ltr'><strong>tue</strong></span> <span class='ocrx_word' id='word_1_223' title='bbox 528 3611 712 3676; x_wconf 89' lang='lat' dir='ltr'><strong>maiestatis</strong></span> <span class='ocrx_word' id='word_1_224' title='bbox 742 3613 909 3676; x_wconf 89' lang='lat' dir='ltr'><strong>instituit.</strong></span> <span class='ocrx_word' id='word_1_225' title='bbox 924 3614 1014 3695; x_wconf 93' lang='lat' dir='ltr'><strong>quod</strong></span> <span class='ocrx_word' id='word_1_226' title='bbox 1045 3613 1142 3677; x_wconf 91' lang='lat' dir='ltr'><strong>iacob</strong></span> <span class='ocrx_word' id='word_1_227' title='bbox 1171 3614 1347 3677; x_wconf 88' lang='lat' dir='ltr'><strong>dominum</strong></span> <span class='ocrx_word' id='word_1_228' title='bbox 1378 3633 1502 3694; x_wconf 86' lang='lat' dir='ltr'><strong>magna</strong></span> 
     </span>
     <span class='ocr_line' id='line_1_30' title="bbox 299 3696 1503 3765; baseline 0.003 -8"><span class='ocrx_word' id='word_1_229' title='bbox 299 3696 418 3759; x_wconf 90' lang='lat' dir='ltr'><strong>uidens</strong></span> <span class='ocrx_word' id='word_1_230' title='bbox 448 3697 578 3761; x_wconf 91' lang='lat' dir='ltr'><strong>uisione</strong></span> <span class='ocrx_word' id='word_1_231' title='bbox 608 3698 743 3762; x_wconf 89' lang='lat' dir='ltr'><strong>erexit.</strong></span> <span class='ocrx_word' id='word_1_232' title='bbox 768 3698 819 3763; x_wconf 89' lang='lat' dir='ltr'><strong>Ut</strong></span> <span class='ocrx_word' id='word_1_233' title='bbox 849 3699 904 3761; x_wconf 93' lang='lat' dir='ltr'><strong>hic</strong></span> <span class='ocrx_word' id='word_1_234' title='bbox 933 3709 1067 3763; x_wconf 86' lang='lat' dir='ltr'><strong>orantes</strong></span> <span class='ocrx_word' id='word_1_235' title='bbox 1095 3702 1260 3764; x_wconf 89' lang='lat' dir='ltr'><strong>exaudias</strong></span> <span class='ocrx_word' id='word_1_236' title='bbox 1277 3749 1287 3765; x_wconf 89' lang='lat'><strong>.</strong></span> <span class='ocrx_word' id='word_1_237' title='bbox 1304 3700 1357 3764; x_wconf 90' lang='lat' dir='ltr'><strong>hic</strong></span> <span class='ocrx_word' id='word_1_238' title='bbox 1387 3700 1503 3764; x_wconf 90' lang='lat' dir='ltr'><strong>oblata</strong></span> 
     </span>
     <span class='ocr_line' id='line_1_31' title="bbox 299 3783 1501 3870; baseline 0.005 -26"><span class='ocrx_word' id='word_1_239' title='bbox 299 3783 509 3847; x_wconf 90' lang='lat' dir='ltr'><strong>sanctifices.</strong></span> <span class='ocrx_word' id='word_1_240' title='bbox 527 3783 649 3867; x_wconf 90' lang='lat' dir='ltr'><strong>hicque</strong></span> <span class='ocrx_word' id='word_1_241' title='bbox 673 3787 886 3869; x_wconf 91' lang='lat' dir='ltr'><strong>superposita</strong></span> <span class='ocrx_word' id='word_1_242' title='bbox 911 3787 1117 3850; x_wconf 91' lang='lat' dir='ltr'><strong>benedicas.</strong></span> <span class='ocrx_word' id='word_1_243' title='bbox 1134 3788 1226 3850; x_wconf 91' lang='lat' dir='ltr'><strong>Hinc</strong></span> <span class='ocrx_word' id='word_1_244' title='bbox 1250 3789 1378 3870; x_wconf 89' lang='lat' dir='ltr'><strong>quippe</strong></span> <span class='ocrx_word' id='word_1_245' title='bbox 1400 3788 1501 3851; x_wconf 87' lang='lat' dir='ltr'><strong>bene-</strong></span> 
     </span>
     <span class='ocr_line' id='line_1_32' title="bbox 298 3869 1502 3957; baseline 0.004 -24"><span class='ocrx_word' id='word_1_246' title='bbox 298 3869 389 3934; x_wconf 89' lang='lat' dir='ltr'><strong>dicta</strong></span> <span class='ocrx_word' id='word_1_247' title='bbox 415 3871 619 3935; x_wconf 91' lang='lat' dir='ltr'><strong>distribuas.</strong></span> <span class='ocrx_word' id='word_1_248' title='bbox 636 3873 689 3937; x_wconf 92' lang='lat' dir='ltr'><strong>Sit</strong></span> <span class='ocrx_word' id='word_1_249' title='bbox 715 3893 796 3957; x_wconf 83' lang='lat' dir='ltr'><strong>ergo</strong></span> <span class='ocrx_word' id='word_1_250' title='bbox 821 3874 943 3951; x_wconf 78' lang='lat' dir='ltr'><strong>eclesie</strong></span> <span class='ocrx_word' id='word_1_251' title='bbox 968 3884 1026 3951; x_wconf 74' lang='lat' dir='ltr'><strong>tue</strong></span> <span class='ocrx_word' id='word_1_252' title='bbox 1047 3876 1165 3938; x_wconf 90' lang='lat' dir='ltr'><strong>titulus</strong></span> <span class='ocrx_word' id='word_1_253' title='bbox 1192 3876 1415 3957; x_wconf 88' lang='lat' dir='ltr'><strong>sempiternus</strong></span> <span class='ocrx_word' id='word_1_254' title='bbox 1432 3923 1441 3939; x_wconf 91' lang='lat'><strong>.</strong></span> <span class='ocrx_word' id='word_1_255' title='bbox 1458 3874 1502 3938; x_wconf 91' lang='lat' dir='ltr'><strong>sit</strong></span> 
     </span>
     <span class='ocr_line' id='line_1_33' title="bbox 299 3954 1501 4044; baseline 0.004 -24"><span class='ocrx_word' id='word_1_256' title='bbox 299 3954 435 4034; x_wconf 78' lang='lat' dir='ltr'><strong>mense1</strong></span> <span class='ocrx_word' id='word_1_257' title='bbox 457 3957 572 4021; x_wconf 88' lang='lat' dir='ltr'><strong>celesti</strong></span> <span class='ocrx_word' id='word_1_258' title='bbox 594 3960 803 4043; x_wconf 85' lang='lat' dir='ltr'><strong>spiritalique</strong></span> <span class='ocrx_word' id='word_1_259' title='bbox 833 3961 992 4024; x_wconf 88' lang='lat' dir='ltr'><strong>conuiuio</strong></span> <span class='ocrx_word' id='word_1_260' title='bbox 1020 3970 1140 4044; x_wconf 86' lang='lat' dir='ltr'><strong>parata</strong></span> <span class='ocrx_word' id='word_1_261' title='bbox 1160 4009 1168 4025; x_wconf 92' lang='lat'><strong>.</strong></span> <span class='ocrx_word' id='word_1_262' title='bbox 1187 3972 1225 4026; x_wconf 92' lang='lat' dir='ltr'><strong>tu</strong></span> <span class='ocrx_word' id='word_1_263' title='bbox 1247 3962 1336 4024; x_wconf 90' lang='lat' dir='ltr'><strong>enim</strong></span> <span class='ocrx_word' id='word_1_264' title='bbox 1365 3961 1501 4025; x_wconf 90' lang='lat' dir='ltr'><strong>domine</strong></span> 
     </span>
     <span class='ocr_line' id='line_1_34' title="bbox 295 4045 1500 4135; baseline 0.005 -30"><span class='ocrx_word' id='word_1_265' title='bbox 295 4046 430 4126; x_wconf 88' lang='lat' dir='ltr'><strong>proprio</strong></span> <span class='ocrx_word' id='word_1_266' title='bbox 454 4065 511 4106; x_wconf 89' lang='lat' dir='ltr'><strong>ore</strong></span> <span class='ocrx_word' id='word_1_267' title='bbox 535 4054 595 4108; x_wconf 92' lang='lat' dir='ltr'><strong>tuo</strong></span> <span class='ocrx_word' id='word_1_268' title='bbox 619 4047 746 4111; x_wconf 87' lang='lat' dir='ltr'><strong>hostias</strong></span> <span class='ocrx_word' id='word_1_269' title='bbox 770 4068 870 4129; x_wconf 92' lang='lat' dir='ltr'><strong>super</strong></span> <span class='ocrx_word' id='word_1_270' title='bbox 899 4068 974 4111; x_wconf 91' lang='lat' dir='ltr'><strong>eam</strong></span> <span class='ocrx_word' id='word_1_271' title='bbox 998 4045 1178 4130; x_wconf 74' lang='lat' dir='ltr'><strong>[inpositas</strong></span> <span class='ocrx_word' id='word_1_272' title='bbox 1203 4050 1305 4112; x_wconf 91' lang='lat' dir='ltr'><strong>bene-</strong></span> <span class='ocrx_word' id='word_1_273' title='bbox 1336 4045 1408 4135; x_wconf 87' lang='lat' dir='ltr'><strong>[fol.</strong></span> <span class='ocrx_word' id='word_1_274' title='bbox 1429 4051 1500 4112; x_wconf 91' lang='lat'>108.</span> 
     </span>
     <span class='ocr_line' id='line_1_35' title="bbox 294 4131 1500 4217; baseline 0.005 -25"><span class='ocrx_word' id='word_1_275' title='bbox 294 4131 397 4193; x_wconf 91' lang='lat' dir='ltr'><strong>dicito</strong></span> <span class='ocrx_word' id='word_1_276' title='bbox 414 4179 422 4194; x_wconf 93' lang='lat'><strong>.</strong></span> <span class='ocrx_word' id='word_1_277' title='bbox 439 4138 473 4194; x_wconf 87' lang='lat' dir='ltr'><strong>et</strong></span> <span class='ocrx_word' id='word_1_278' title='bbox 497 4131 674 4199; x_wconf 88' lang='lat' dir='ltr'><strong>benedicta</strong></span> <span class='ocrx_word' id='word_1_279' title='bbox 696 4136 881 4216; x_wconf 81' lang='lat' dir='ltr'><strong>suscipito,</strong></span> <span class='ocrx_word' id='word_1_280' title='bbox 897 4145 999 4217; x_wconf 89' lang='lat' dir='ltr'><strong>atque</strong></span> <span class='ocrx_word' id='word_1_281' title='bbox 1023 4137 1121 4198; x_wconf 91' lang='lat' dir='ltr'><strong>nobis</strong></span> <span class='ocrx_word' id='word_1_282' title='bbox 1147 4137 1304 4199; x_wconf 89' lang='lat' dir='ltr'><strong>omnibus</strong></span> <span class='ocrx_word' id='word_1_283' title='bbox 1328 4137 1438 4200; x_wconf 88' lang='lat' dir='ltr'><strong>tribue</strong></span> <span class='ocrx_word' id='word_1_284' title='bbox 1462 4148 1500 4198; x_wconf 92' lang='lat' dir='ltr'><strong>ut</strong></span> 
     </span>
     <span class='ocr_line' id='line_1_36' title="bbox 294 4217 1500 4306; baseline 0.002 -26"><span class='ocrx_word' id='word_1_285' title='bbox 294 4217 549 4299; x_wconf 86' lang='lat' dir='ltr'><strong>participatione</strong></span> <span class='ocrx_word' id='word_1_286' title='bbox 592 4222 663 4283; x_wconf 92' lang='lat' dir='ltr'><strong>eius</strong></span> <span class='ocrx_word' id='word_1_287' title='bbox 707 4221 811 4283; x_wconf 91' lang='lat' dir='ltr'><strong>uitam</strong></span> <span class='ocrx_word' id='word_1_288' title='bbox 860 4221 1078 4303; x_wconf 87' lang='lat' dir='ltr'><strong>adquiramus</strong></span> <span class='ocrx_word' id='word_1_289' title='bbox 1130 4223 1369 4306; x_wconf 90' lang='lat' dir='ltr'><strong>sempiternam</strong></span> <span class='ocrx_word' id='word_1_290' title='bbox 1399 4272 1407 4288; x_wconf 91' lang='lat'><strong>.</strong></span> <span class='ocrx_word' id='word_1_291' title='bbox 1440 4243 1500 4305; x_wconf 91' lang='lat' dir='ltr'><strong>per</strong></span> 
     </span>
     <span class='ocr_line' id='line_1_37' title="bbox 292 4303 476 4369; baseline 0.011 -2"><span class='ocrx_word' id='word_1_292' title='bbox 292 4303 476 4369; x_wconf 89' lang='lat' dir='ltr'><strong>dominum.</strong></span> 
     </span>
    </p>
   </div>
   <div class='ocr_carea' id='block_1_8' title="bbox 803 4494 982 4560">
    <p class='ocr_par' dir='ltr' id='par_1_9' title="bbox 803 4494 982 4560">
     <span class='ocr_line' id='line_1_38' title="bbox 803 4494 982 4560; baseline 0.011 -18"><span class='ocrx_word' id='word_1_293' title='bbox 803 4494 810 4522; x_wconf 93' lang='lat'><strong>¹</strong></span> <span class='ocrx_word' id='word_1_294' title='bbox 827 4495 873 4560; x_wconf 82' lang='lat' dir='ltr'><strong>leg.</strong></span> <span class='ocrx_word' id='word_1_295' title='bbox 889 4510 982 4546; x_wconf 88' lang='lat' dir='ltr'><strong>mensa.</strong></span> 
     </span>
    </p>
   </div>
   <div class='ocr_carea' id='block_1_9' title="bbox 0 0 1692 5250">
    <p class='ocr_par' dir='ltr' id='par_1_10' title="bbox 0 0 1692 5250">
     <span class='ocr_line' id='line_1_39' title="bbox 0 0 1692 5250; baseline 0 1"><span class='ocrx_word' id='word_1_296' title='bbox 0 0 1692 5250; x_wconf 95' lang='lat' dir='ltr'><strong> </strong></span> 
     </span>
    </p>
   </div>
  </div>
 </body>
</html>
