3375 5250
296 392 329 442 62
677 390 733 438 DE
754 390 865 439 MISSA
888 389 1116 439 EPISCOPALI.

298 554 454 630 Similique
481 551 574 611 modo
603 548 724 609 diaconi
748 547 880 610 faciant.
897 549 1079 611 subdiaconi
1112 563 1214 613 autem
1247 551 1384 630 protinus
1407 565 1440 613 ut
1469 552 1501 612 in

295 638 421 696 chorum
449 632 700 707 uenerint.quasi
721 630 850 709 quedam
872 630 952 691 linea
980 633 1110 709 porrecti
1131 652 1227 710 usque
1249 635 1289 694 ad
1316 640 1408 695 altare
1433 654 1502 711 pro·

294 714 464 794 gradientes
480 761 487 776 .
503 712 591 772 simul
605 730 637 771 se
651 711 798 772 inclinent
811 730 913 772 coram
927 731 964 773 eo
979 758 987 773 .
1001 724 1092 791 atque
1112 713 1269 792 euangelio
1288 716 1477 793 superposito
1491 762 1498 776 .

295 817 345 858 nn.
362 796 393 855 in
408 797 514 856 dextro
529 796 592 854 eius
606 811 698 852 cornu
715 839 723 854 .
738 802 769 853 et
782 792 823 854 iii.
838 792 870 851 in
885 791 1005 854 sinistro
1019 798 1193 857 consistant.

336 877 475 938 Pontifex
501 894 576 936 uero
600 886 760 951 postquam
790 875 822 933 in
848 874 1041 936 medietatem
1066 878 1149 937 chori
1177 876 1371 955 perducitur.
1388 878 1501 956 presbi-

293 960 364 1019 teris
399 957 450 1036 qui
479 977 549 1018 eum
579 956 732 1016 ducebant
761 954 825 1015 siue
855 956 1033 1016 diaconibus
1062 978 1169 1019 manus
1199 957 1263 1019 eius
1292 960 1498 1021 osculantibus

295 1040 473 1118 propriaque
501 1036 704 1115 repetentibus
731 1037 818 1096 loca.
836 1033 986 1098 inclinans
1013 1056 1046 1097 se
1073 1040 1165 1102 deum
1192 1058 1247 1117 pro
1274 1040 1407 1117 peccatis
1437 1041 1499 1101 suis

294 1124 471 1199 deprecetur
486 1165 493 1180 .
508 1122 596 1179 Tunc
617 1129 733 1178 erectus
745 1163 753 1178 .
765 1116 895 1195 primum
917 1119 1087 1195 presbiteris
1108 1123 1226 1182 duobus
1243 1120 1355 1182 deinde
1368 1122 1500 1184 diaconi-

294 1204 350 1263 bus
378 1222 431 1281 per
459 1201 595 1261 ordinem
619 1200 759 1259 omnibus
782 1198 865 1276 pacis
892 1202 997 1260 oscula
1025 1201 1131 1264 dabit.
1149 1205 1185 1261 In
1211 1201 1390 1278 quibusdam
1418 1204 1500 1265 enim

292 1284 367 1344 locis
396 1302 467 1344 usus
495 1293 541 1343 est
565 1293 594 1341 et
623 1281 811 1340 consuetudo
828 1327 835 1341 .
851 1290 884 1340 ut
910 1281 957 1341 his
985 1282 1076 1342 finitis
1093 1283 1249 1346 ,minister
1273 1303 1343 1343 cum
1369 1286 1501 1346 turibulo

292 1364 509 1426 subdiaconum
539 1360 728 1439 euangelium
748 1371 918 1437 portantem
941 1365 1102 1425 antecedat
1123 1366 1163 1425 ad
1185 1364 1297 1427 altare.
1314 1384 1416 1426 coram
1445 1366 1497 1427 illo

293 1447 450 1506 incensum
488 1462 604 1522 ponens
621 1489 628 1504 .
643 1454 673 1502 et
713 1442 915 1502 subdiaconus
952 1444 1081 1522 desuper
1114 1444 1303 1522 euangelium
1342 1447 1499 1524 deponens

292 1538 475 1589 reuertatur.
493 1529 530 1585 In
551 1524 617 1584 aliis
637 1542 711 1584 uero
732 1542 793 1583 non
814 1525 971 1583 incensum
991 1525 1031 1585 ad
1051 1527 1144 1587 altare
1166 1536 1301 1603 portatur
1314 1576 1321 1589 .
1334 1540 1495 1606 antequam

293 1610 461 1670 oblationes
500 1605 584 1666 altari
619 1615 881 1681 superponuntur.
900 1605 994 1683 Igitur
1035 1607 1081 1667 his
1126 1606 1275 1685 peractis.
1292 1628 1361 1667 curn
1404 1611 1498 1687 gloria

293 1690 438 1751 innuente
460 1689 603 1766 episcopo
625 1685 793 1745 cantabitur
805 1705 845 1747 .a
869 1704 941 1763 sepe
959 1686 1047 1747 dictis
1072 1688 1242 1765 presbiteris
1262 1689 1294 1748 in
1315 1692 1496 1767 superiorem

294 1772 452 1834 ducendus
485 1782 530 1829 est
557 1768 704 1846 gradum.
720 1786 783 1827 non
811 1768 937 1827 omnino
960 1768 999 1827 acl
1023 1769 1137 1831 altare.
1154 1772 1192 1829 In
1221 1790 1283 1847 quo
1312 1769 1401 1831 etiam
1429 1774 1498 1834 loco

292 1873 408 1931 gressus
427 1852 564 1928 figendus
582 1858 627 1910 est
648 1867 805 1925 usquequo
825 1848 980 1925 presbiteri
1002 1848 1130 1926 primum
1142 1896 1149 1912 .
1162 1863 1191 1911 et
1212 1861 1284 1912 tunc
1306 1852 1366 1913 duo
1386 1864 1415 1914 et
1436 1858 1497 1915 duo

292 1934 413 1995 diaconi
435 1931 533 1993 altaris
558 1949 670 1989 cornua
691 1929 863 1989 osculentur
891 1940 922 1989 et
952 1930 1114 1991 nouissime
1142 1932 1370 1995 archidiaconus
1391 1935 1494 1997 solus.

292 2016 352 2077 Sed
366 2015 511 2075 continuo
526 2025 559 2073 ut
578 2010 737 2088 episcopus
758 2009 789 2069 in
810 2009 915 2070 altiora
931 2011 1075 2072 scandere
1092 2011 1257 2091 inceperit.
1274 2016 1496 2078 subdiaconusl

293 2096 346 2177 qui
364 2097 445 2175 prius
462 2096 545 2155 iuxta
565 2093 658 2152 altare
682 2090 800 2151 stabat¹
823 2092 917 2152 choro
937 2091 1032 2171 gloria
1052 2093 1129 2169 patri
1150 2107 1279 2156 canente
1293 2139 1301 2154 .
1315 2098 1354 2157 ad
1376 2100 1496 2176 propria

292 2179 361 2239 loca
375 2176 585 2238 reuertendum
605 2185 650 2233 est
664 2185 695 2232 et
709 2191 759 2232 un.
776 2172 807 2231 in
822 2173 928 2233 dextro
942 2174 1051 2234 choro.
1062 2176 1156 2235 tribus
1171 2177 1201 2237 in
1222 2176 1341 2239 sinistro
1356 2180 1495 2240 standum

291 2260 345 2320 erit
362 2306 368 2320 .
385 2258 503 2334 Quibus
524 2255 565 2315 ita
585 2253 675 2313 finitis
687 2300 694 2315 .
706 2253 777 2313 item
799 2273 901 2314 uersus
922 2274 941 2313 a
961 2256 1056 2315 choro
1075 2259 1240 2317 cantandus
1255 2271 1300 2319 est
1314 2273 1343 2320 et
1362 2261 1498 2339 pontifex

291 2340 442 2417 usquein
467 2336 660 2397 medietatem
691 2334 791 2394 altaris
825 2336 981 2397 ducendus
1016 2348 1061 2396 est
1076 2382 1083 2398 .
1098 2338 1162 2398 Ubi
1180 2357 1212 2398 se
1238 2342 1322 2399 altari
1349 2342 1496 2404 inclinans

292 2421 481 2499 euangelium
504 2418 656 2479 osculetur
671 2426 721 2476 .et
741 2414 784 2475 sic
810 2416 931 2475 demum
955 2417 1059 2477 dextro
1075 2436 1169 2478 comu
1194 2420 1294 2479 altaris
1307 2467 1316 2482 .
1329 2422 1381 2483 ubi
1405 2425 1496 2485 etiarn

291 2503 402 2563 sedes²
427 2500 483 2561 sibi
507 2509 610 2576 parata
629 2508 674 2557 est
699 2498 834 2557 osculum
858 2499 933 2557 ferat
948 2541 955 2556 .
970 2500 1059 2557 Tunc
1080 2498 1155 2558 alius
1177 2500 1323 2576 presbiter
1343 2505 1498 2582 proprium

292 2594 408 2662 repetat
421 2583 522 2643 locum
535 2629 542 2643 .
554 2578 630 2640 alius
649 2589 750 2639 autem
768 2577 875 2638 librum
897 2578 1042 2656 episcopo
1063 2579 1215 2658 porriget³
1233 2591 1324 2660 atque
1338 2587 1496 2649 reuoluat.

293 2678 323 2725 et
337 2663 458 2725 diaconi
470 2663 521 2723 iiii.
538 2663 569 2721 in
584 2661 689 2720 dextro
704 2659 745 2719 iii.
760 2658 792 2718 in
806 2659 926 2721 sinistro
939 2662 1039 2719 altaris
1053 2680 1147 2721 cornu
1165 2663 1352 2729 consistant.
1369 2670 1496 2730 Peracto

292 2749 394 2823 itaque
411 2742 534 2804 introitu
557 2742 702 2802 innuente
728 2740 872 2817 episcopo
894 2742 1078 2800 cantandum
1096 2752 1142 2802 est
1162 2745 1259 2820 kyrrie
1278 2747 1414 2812 eleison.
1430 2754 1496 2812 sine

293 2828 378 2887 cuius
405 2823 606 2886 insinuatione
641 2833 795 2882 cantorem
824 2822 899 2883 nihil
925 2841 1032 2881 canere
1059 2821 1184 2884 licebit.
1204 2828 1244 2885 Et
1278 2840 1350 2888 tunc
1376 2833 1496 2893 accoliti

292 2907 473 2969 candelabra
497 2904 528 2965 in
549 2903 679 2964 inferiori
704 2904 797 2981 gradu
823 2900 908 2979 quasi
930 2903 1062 2979 quodam
1090 2905 1141 2964 filo
1169 2925 1223 2983 per
1249 2921 1361 2970 rectam
1386 2913 1495 2974 lineam

292 2998 428 3068 ponant.
445 2988 495 3048 uel
509 2996 541 3044 ut
555 2985 678 3061 quidam
693 2986 799 3044 uolunt
812 2981 843 3042 in
858 2983 982 3043 modum
995 2986 1099 3044 crucis.

334 3070 429 3148 Igitur
449 3087 518 3128 cum
539 3067 633 3144 gloria
653 3067 684 3124 in
706 3065 831 3125 excelsis
850 3065 1072 3142 percantabitur
1090 3076 1121 3126 et
1141 3067 1277 3143 pontifex
1298 3090 1331 3132 se
1350 3073 1391 3132 ad
1404 3093 1497 3152 popu-

291 3155 353 3212 lum
381 3170 440 3229 pax
468 3147 624 3209 uobiscum
653 3146 786 3206 dicturus
811 3145 983 3206 conuertit.
998 3147 1119 3206 diaconi
1145 3147 1252 3228 [simul
1275 3171 1344 3212 cum
1368 3152 1429 3235 [fol
1447 3160 1496 3218 82.

293 3253 330 3295 eo
352 3252 385 3293 se
405 3227 580 3291 conuersuri
601 3239 691 3288 sunt.
710 3228 847 3304 Cumque
868 3228 1028 3288 collectam
1048 3228 1179 3292 finierit.
1195 3231 1286 3294 lectio
1306 3236 1438 3312 legatur.
1456 3242 1496 3299 Et

291 3314 415 3375 sedente
437 3310 580 3389 episcopo
602 3309 726 3368 accedat
744 3309 989 3370 archidiaconus.
1002 3319 1033 3369 et
1051 3312 1208 3386 genuflexo
1227 3325 1298 3376 ante
1314 3336 1401 3379 eum.
1414 3335 1497 3397 regat

291 3394 472 3455 uestimenta
502 3389 580 3450 illius
596 3435 602 3448 .
619 3401 648 3450 et
675 3390 802 3467 prebens
834 3408 867 3449 se
888 3390 928 3449 ad
955 3390 1065 3467 pedem
1098 3404 1282 3457 reuertatur.
1299 3395 1398 3459 Finita
1425 3419 1497 3462 uero

290 3475 438 3536 lectione.
456 3472 513 3533 illis
537 3471 587 3548 qui
609 3473 759 3547 gradalem
779 3479 809 3530 et
833 3469 951 3530 alleluia
971 3471 1119 3531 cantaturi
1137 3487 1226 3536 sunt.
1243 3476 1325 3537 iuxta
1347 3480 1495 3558 pulpitum

291 3558 322 3617 in
337 3555 468 3616 inferiori
480 3555 574 3630 gradu
588 3553 727 3612 standum
742 3563 804 3612 est.
817 3552 896 3612 Cum
914 3563 1013 3612 autem
1028 3551 1130 3612 omnia
1146 3560 1294 3633 usquead
1309 3562 1497 3640 euangelium

292 3639 416 3715 impleta
441 3635 551 3695 fuerint
565 3680 572 3694 .
588 3633 712 3693 accedat
746 3630 885 3710 princeps
919 3632 1043 3712 ecclesie
1071 3633 1111 3693 ad
1145 3637 1341 3716 episcopum.
1362 3643 1497 3720 pixidem

293 3721 324 3778 in
346 3738 405 3796 qua
429 3719 500 3776 thus
520 3716 647 3774 habetur
667 3713 698 3773 in
720 3733 810 3773 manu
832 3714 951 3777 ferens.
968 3724 1114 3793 sequente
1128 3720 1238 3779 acolito
1261 3722 1313 3798 qui
1334 3723 1496 3786 turibulum

292 3812 412 3878 portat.
427 3808 458 3858 et
481 3795 623 3874 imposito
646 3793 677 3854 in
702 3796 774 3854 illud
799 3795 925 3857 incenso
949 3798 988 3858 ab
1010 3797 1155 3877 episcopo
1170 3845 1177 3859 .
1191 3812 1222 3860 et
1249 3803 1435 3867 subdiacono
1463 3810 1494 3867 iu

293 3882 415 3941 dextera
451 3890 536 3956 parte
571 3875 668 3936 altaris
697 3873 858 3936 diaconum
893 3880 1076 3955 prestolante
1090 3921 1098 3936 .
1112 3883 1237 3942 accedat
1278 3884 1424 3947 diaconus
1457 3890 1497 3949 ad

293 3965 405 4022 altare.
423 3960 581 4021 dominum
604 3957 651 4016 his
670 3956 770 4017 uerbis
787 3958 962 4019 adoraturus
978 3957 1132 4022 ,Domine
1159 3963 1238 4022 labia
1261 3985 1329 4025 mea
1356 3969 1494 4044 aperies.

293 4055 323 4103 et
357 4061 392 4103 os
419 4061 521 4101 meum
555 4036 745 4098 annuntiabit
778 4039 900 4098 laudern
934 4052 1037 4102 tuam.
1054 4038 1098 4102 Et
1125 4044 1250 4104 adorato
1276 4047 1361 4107 altari
1377 4094 1384 4108 .
1398 4069 1496 4128 genua

292 4125 416 4185 flectens
436 4135 507 4182 ante
530 4119 706 4198 episcopum
721 4165 729 4181 .
745 4119 874 4197 accipiat
901 4120 940 4180 ab
969 4141 1006 4181 eo
1030 4122 1294 4185 benedictionem.
1310 4139 1341 4188 et
1367 4132 1496 4207 prebens

327 4275 335 4305 ¹
353 4275 464 4340 Perhaps
475 4274 513 4324 for
523 4274 678 4324 subdiaconis
695 4308 701 4322 .
719 4309 725 4322 .
744 4308 750 4323 .
772 4310 777 4322 .
793 4273 910 4330 stabant;
926 4274 973 4324 but
985 4277 1110 4327 Mabillou
1121 4279 1175 4330 also
1186 4280 1231 4330 has
1242 4282 1421 4339 subdiaconus.
1441 4327 1447 4339 .
1465 4323 1494 4340 .-

292 4342 408 4456 ιςια’ὐαΊξΪΊο
419 4405 520 4468 letterp
529 4404 574 4453 has
586 4404 650 4454 been
661 4403 761 4454 written
773 4404 824 4453 and
835 4405 969 4469 expunged
980 4406 1067 4457 before
1076 4409 1131 4458 sibi.

325 4472 335 4501 ⁸
352 4472 407 4522 The
420 4471 478 4522 MS.
492 4470 537 4519 has
543 4470 675 4535 peragret,
690 4469 732 4519 the
743 4485 759 4518 a
771 4468 847 4534 being
858 4470 1002 4535 expunged.
