3375 5250
517 433 833 484 BENEDICTIONES
852 433 1111 485 EPISCOPALES.
1394 445 1425 495 39

229 642 466 711 Banumcno
488 661 531 710 nr
556 660 709 712 urrann
733 646 877 712 Snncat
902 645 1123 711 <imitanum
1146 655 1405 709 conrnssoms.

276 803 404 868 Enedic
426 806 562 870 domine
585 828 720 872 omnem
746 806 832 871 hanc
864 806 997 890 plebem
1028 804 1214 870 beatissimi
1240 803 1419 888 grimbaldi

317 893 514 956 confessoris
557 894 807 977 sollempnitate
849 903 1111 976 congregatam.
1132 903 1234 975 atque
1284 889 1418 973 fulgidis

214 974 301 1040 illius
325 981 492 1063 exemplis
518 982 708 1046 roboratam
722 982 894 1045 .caelestis
921 981 1137 1044 beatitudinis
1164 980 1243 1043 albo
1267 979 1320 1043 iac
1345 979 1419 1060 dig-

213 1075 332 1128 nanter
354 1087 428 1131 esse
450 1068 638 1152 ascriptam.
684 1069 803 1133 Amen.

257 1151 391 1235 Quique
422 1155 515 1218 illum
554 1157 716 1220 hodierna
753 1157 808 1221 die
848 1158 890 1220 ad
934 1155 1114 1218 caelestem
1154 1173 1231 1217 cum
1269 1151 1418 1234 tripudio

213 1240 357 1302 euexisti
386 1250 556 1306 cateruam
573 1290 580 1307 .
596 1243 731 1325 plebem
762 1242 848 1306 hanc
873 1242 1001 1324 respice
1028 1241 1182 1324 placatus
1205 1239 1266 1304 tibi
1288 1238 1417 1302 subiec-

212 1333 282 1388 tam
304 1329 480 1411 .tantique
525 1332 716 1394 interuentu
754 1326 926 1413 patronis¹
960 1350 980 1392 a
1017 1337 1231 1411 peccatorum
1266 1326 1416 1390 omnium

212 1412 421 1493 squaloribus
444 1415 626 1481 clementer
648 1418 794 1481 concede
818 1417 889 1479 fore
913 1415 1113 1479 absolutam.
1159 1414 1277 1478 Amen.

257 1497 379 1583 Sicque
404 1523 461 1566 eos
486 1503 630 1568 labentis
661 1505 715 1582 eui
745 1505 930 1586 transigere
955 1503 1064 1566 tribue
1089 1503 1366 1585 prosperitatem.
1382 1511 1420 1566 ut

211 1606 287 1649 cum
319 1588 353 1650 in
380 1591 495 1653 mundi
526 1591 659 1655 delectu
690 1592 794 1654 iudex
821 1590 998 1655 adueneris
1023 1599 1329 1653 cunctorum.non
1356 1608 1416 1651 eos

211 1672 352 1756 collegio
375 1677 538 1760 dampnes
562 1699 716 1742 reorum.
733 1680 792 1743 sed
815 1679 968 1742 omnium
991 1676 1168 1759 consciues
1188 1695 1262 1739 esse
1285 1675 1353 1758 [iol.
1369 1688 1420 1755 53.

212 1762 358 1825 concede
381 1775 582 1829 sanctorum.
626 1765 745 1830 Amen.

255 1845 356 1930 Quod
395 1851 466 1932 ipse
503 1861 651 1934 prestare
683 1852 971 1936 dignetur.cuius
1002 1856 1143 1933 regnum
1176 1858 1211 1913 et
1242 1849 1418 1933 imperium

210 1932 282 1997 sine
304 1935 370 1999 fine
392 1950 575 2020 permanet.

291 2144 529 2213 BENEDICTIO
553 2162 595 2212 IN
619 2162 915 2214 TRANSLATIONE
940 2148 1085 2214 SANCTI
1110 2148 1336 2212 BENEDICTI.

214 2281 477 2412 OMnipotens
507 2289 664 2354 dominus
695 2311 755 2354 uos
785 2312 867 2355 suae
896 2290 1143 2356 benedictionis
1174 2289 1265 2352 dono
1295 2289 1419 2352 sancti-

324 2376 400 2442 ficet
414 2429 420 2442 .
434 2378 492 2460 qui
507 2377 645 2441 beatum
663 2391 911 2444 BENEDICTUM
925 2379 1083 2442 abbatem
1102 2373 1270 2458 primeue²
1284 2376 1413 2439 decoris

211 2462 347 2528 etatae3
369 2463 432 2527 sibi
455 2466 598 2529 asciuit.
615 2475 717 2549 atque
743 2468 879 2549 spiritus
902 2468 1009 2530 sancti
1032 2466 1151 2529 ardore
1167 2465 1210 2527 ad
1234 2464 1419 2545 regendum

211 2551 442 2616 monachicam
465 2552 627 2635 preelegit
650 2562 829 2618 cateruam.
876 2555 993 2618 Amen.

256 2640 377 2722 Sicque
408 2660 465 2703 cor
495 2649 643 2704 uestrum
675 2642 897 2707 inradiet.ut
927 2662 968 2706 ea
997 2662 1064 2724 que
1093 2640 1127 2703 in
1155 2640 1259 2704 domo
1285 2638 1340 2702 dei
1371 2658 1417 2700 ex

210 2727 309 2791 huius
340 2728 410 2790 uita
433 2728 566 2808 patroni
590 2728 773 2793 recitantur
788 2780 795 2795 .
808 2729 1048 2793 uiscerabiliter
1077 2726 1296 2807 intelligatis.
1313 2735 1347 2788 et
1369 2726 1418 2787 in·

212 2815 396 2896 telligendo
422 2816 620 2897 quantotius
647 2817 771 2880 imitari
794 2818 940 2898 possitis.
984 2816 1103 2878 Amen.

255 2899 423 2983 Quatinus
444 2903 515 2965 eius
536 2904 703 2985 exemplis
726 2904 848 2967 eruditi
861 2954 868 2968 .
883 2924 1014 2968 necnon
1036 2913 1070 2966 et
1091 2899 1256 2982 suffragiis
1278 2898 1415 2962 muniti.

212 2999 423 3052 momentum
455 2987 598 3052 labentis
637 2990 712 3054 aeui
749 2992 928 3054 transeatis
956 2990 1073 3054 inlesi.
1091 3000 1193 3070 atque
1218 2988 1252 3050 in
1279 2996 1416 3049 aeterna

210 3072 368 3157 requiae⁴
390 3075 438 3138 illi
461 3096 538 3139 curn
560 3076 674 3157 palma
698 3076 843 3160 [gloriae
862 3076 1003 3141 ualeatis
1022 3076 1170 3158 adiungi.
1256 3070 1327 3161 [sol.
1346 3086 1361 3152 5
1367 3088 1417 3152 3v.

254 3161 355 3246 Quod
372 3163 444 3246 ipse
462 3173 611 3245 prestare
631 3164 807 3246 dignetur.
821 3166 915 3229 cuius
932 3183 1071 3247 regnum
1093 3176 1127 3227 et
1147 3164 1323 3244 imperium
1343 3162 1416 3222 sine

210 3249 276 3314 fine
296 3260 472 3332 permanet
494 3251 528 3313 in
553 3251 666 3314 secula
688 3252 885 3317 seculorum.

254 3337 451 3401 Benedictio
473 3337 528 3400 dei
552 3339 680 3419 patris.
698 3349 733 3402 et
755 3338 815 3402 tilii
832 3389 839 3403 .
857 3350 892 3403 et
918 3338 1057 3421 spiritus
1081 3336 1199 3400 sancti.

365 3566 431 3650 [ΙΝ
455 3580 607 3630 NATALE
631 3566 774 3631 Snucn
800 3567 1021 3633 Lamnum
1045 3564 1210 3653 ununlp.⁵
1271 3561 1343 3651 [sol.
1370 3578 1420 3644 54.

212 3716 398 3847 SAnctae
428 3717 588 3780 trinitatis
626 3736 727 3800 super
761 3737 822 3781 uos
854 3718 1047 3782 benedictio
1081 3717 1266 3781 descendat
1300 3715 1420 3796 gratis·

307 3805 392 3868 sima
415 3852 423 3866 .
446 3805 503 3886 qui
549 3804 638 3867 beati
686 3804 840 3868 laurentii
877 3805 980 3883 leuite
1018 3805 1241 3887 martyrisque
1282 3801 1420 3884 gloriosi

208 3892 331 3957 festum
355 3901 469 3954 mente
491 3890 667 3955 celebratis
691 3892 919 3965 deuotissima.
964 3892 1081 3955 Amen.

254 3978 347 4041 Illius
372 3978 567 4041 mereamini
589 3977 754 4060 suffragiis
778 3979 885 4043 fulciri
902 3980 1147 4061 .exemploque
1171 3976 1319 4041 roborari
1336 4026 1343 4041 .
1360 3976 1419 4057 qui

209 4085 271 4129 nec
293 4064 413 4128 seuitia
433 4065 662 4148 torquentium
686 4065 817 4148 frangi.
834 4087 896 4129 nec
919 4066 1150 4131 inmanissima
1173 4074 1418 4128 tormentorum

209 4151 407 4217 crudelitate
446 4173 466 4215 a
506 4152 746 4234 gloriosissima
790 4153 905 4217 christi
943 4153 1153 4217 confessione
1191 4153 1303 4235 potuit
1340 4151 1418 4214 labi.

210 4240 328 4303 Amen.

243 4351 259 4407 ¹¹
269 4378 313 4441 leg.
327 4378 436 4442 patroni.
569 4376 580 4405 ¹
598 4378 641 4441 leg.
655 4377 769 4441 primeui.
888 4378 898 4406 ⁸
914 4377 958 4442 leg.
972 4383 1048 4428 etate.
1173 4375 1182 4404 ⁴
1198 4376 1249 4440 leg.
1262 4374 1355 4440 requie.

210 4444 352 4572 ⁰n⁵pbqa¹qe
363 4442 384 4493 is
394 4443 440 4493 leit
451 4458 486 4493 on
497 4441 542 4493 sol.
556 4452 613 4507 53ν.
628 4443 666 4493 ior
677 4444 720 4493 the
732 4442 893 4493 benediction
905 4443 943 4493 sor
956 4443 997 4493 the
1011 4443 1079 4507 Vigil
1091 4441 1120 4491 of
1134 4442 1161 4492 S.
1173 4442 1305 4491 Laurence
1316 4439 1370 4501 (see
1382 4438 1424 4488 list
