3375 5250
507 430 683 480 BENEDIC
686 431 711 479 T
708 429 823 480 IONES
842 430 1099 481 EPISCOPALES.

570 689 668 754 Itum
691 702 781 753 Ama
805 703 1050 754 aauumcmo

88 965 91 972 Ι
213 875 432 999 BEnedicat
451 877 548 941 uobis
568 878 624 961 qui
649 877 791 942 sormam
808 887 940 942 uestrae
964 875 1164 941 humilitatis
1179 877 1338 958 dignatus
1361 880 1412 937 est

308 965 499 1047 suscipere.
515 975 617 1049 atque
653 967 843 1030 interuentu
879 976 913 1030 et
950 973 1087 1047 precatu
1117 974 1255 1027 sauctae
1285 961 1411 1025 mariae

205 1047 371 1130 uirginis.
394 1061 579 1116 uestrorum
621 1052 756 1116 uincula
796 1063 1010 1135 peccatorum
1051 1050 1309 1114 misericorditer
1350 1047 1410 1110 ab·
1467 1081 1469 1087 ·

204 1133 324 1201 soluat.
369 1139 489 1202 Amen.

250 1221 318 1305 Qui
348 1227 477 1307 gratiae
506 1247 587 1290 suae
622 1225 784 1291 beneficia
815 1227 911 1290 uobis
947 1225 1080 1308 potiora
1114 1225 1280 1299 concedat
1296 1273 1303 1287 .
1319 1224 1410 1288 beati

207 1309 378 1374 michaelis
405 1313 596 1395 archangeli
623 1314 749 1378 meritis
764 1323 1044 1396 ‚cunctorumque
1068 1313 1223 1376 ordinum
1247 1330 1315 1374 una
1337 1332 1410 1375 cae-

206 1396 340 1461 lestium
371 1421 512 1483 quorum
544 1400 707 1464 hodierna
735 1402 791 1464 die
824 1410 908 1463 nutu
941 1399 1160 1464 deuotissime
1192 1397 1314 1462 mentis
1344 1398 1410 1461 sol-

206 1482 354 1567 lempnia
377 1488 533 1552 recolitis.
578 1487 700 1552 Amen.

250 1571 495 1657 Custodiatque
519 1594 580 1637 uos
606 1575 762 1638 dominus
785 1577 828 1638 ab
855 1573 1041 1638 emulorum
1067 1583 1254 1639 uestrorum
1282 1574 1410 1639 machi-

207 1660 373 1724 namentis
411 1681 470 1743 per
506 1661 691 1744 apostolica
726 1662 873 1744 presidia
889 1712 896 1724 .
912 1663 969 1744 qui
1001 1683 1116 1726 eorum
1149 1682 1209 1725 uos
1240 1661 1408 1744 disposuit

208 1746 327 1808 muniri
351 1755 384 1810 et
407 1749 516 1812 ornari
540 1748 732 1831 disciplinis.
776 1748 895 1813 Arnen.

252 1831 475 1899 Commendet
505 1835 671 1918 siquidem
702 1855 763 1900 uos
792 1837 883 1899 idem
914 1836 1108 1918 redemptor
1137 1844 1247 1898 uester
1277 1833 1406 1899 milium

208 1929 392 2000 martyrum
414 1943 549 1986 suorum
567 1921 792 1987 iuuaminibus
804 1973 810 1987 .
822 1930 857 1986 et
872 1922 991 1986 liberet
1003 1943 1064 1986 uos
1080 1922 1100 1986 ά
1117 1924 1235 2005 scunc·
1253 1917 1323 2007 [fol.
1340 1935 1411 2003 59ν.

207 2007 250 2070 tis
274 2008 484 2072 inimicorum
509 2019 695 2073 uestrorum
718 2011 960 2074 controuersiis.
1004 2009 1124 2074 Amen·

252 2093 522 2177 Suffragantibus
549 2097 672 2160 etenim
700 2098 827 2160 meritis
858 2108 1050 2161 sanctorum
1076 2095 1304 2160 consessorum
1331 2116 1408 2158 suo·

209 2201 279 2243 rum
312 2184 467 2246 dominus
498 2204 559 2247 uos
589 2184 689 2248 saciat
719 2185 894 2249 benedici.
911 2185 968 2266 qui
999 2194 1033 2248 et
1063 2203 1178 2248 eorum
1203 2185 1306 2246 corda
1331 2203 1409 2246 con-

208 2268 332 2350 punxit
355 2268 436 2332 flatu
460 2271 595 2353 spiritus
617 2271 733 2334 sancti.
779 2271 898 2334 Amen.

252 2354 421 2437 Tripudiis
445 2357 570 2422 scilicet
594 2367 785 2422 sanctarum
816 2356 1245 2440 uirginum.exultantibus
1270 2355 1408 2420 humani

207 2445 337 2524 generis
368 2444 559 2527 redemptor
588 2464 649 2509 uos
685 2445 841 2526 dignetur
878 2446 1097 2509 benedicere.
1114 2445 1171 2528 qui
1203 2465 1270 2506 non
1300 2444 1409 2507 solum

208 2529 286 2592 uiris
300 2578 306 2593 .
320 2551 435 2594 uerum
458 2533 559 2595 etiam
584 2531 716 2595 feminis
739 2552 880 2613 quarum
902 2552 1004 2596 sexus
1028 2532 1153 2614 fragilis
1174 2541 1225 2594 est
1246 2533 1409 2594 concessit

207 2616 444 2682 inuiolabiliter
466 2619 681 2704 triumphare.
726 2619 844 2682 Amen.

253 2704 299 2769 Et
322 2704 408 2770 sicut
432 2705 508 2770 illae
534 2727 649 2771 sacrae
675 2708 820 2790 uirgines
851 2716 953 2790 atque
979 2727 1097 2771 omnes
1128 2706 1234 2771 sancti
1265 2725 1406 2789 quorum

209 2791 309 2855 hodie
346 2802 438 2857 totus
476 2793 565 2857 orbis
604 2794 690 2858 festa
728 2794 897 2859 celebrat.
914 2794 1031 2859 diuino
1069 2814 1206 2858 munere
1239 2794 1408 2875 uegetati.

207 2880 384 2944 caelestem
412 2881 519 2945 sortiti
546 2891 624 2945 sunt
652 2882 881 2964 paradysum.
898 2882 946 2946 ita
970 2892 1004 2947 et
1031 2902 1090 2945 uos
1117 2882 1244 2945 meritis
1269 2880 1409 2961 exigen-

207 2965 358 3032 tibus.et
384 2988 499 3031 eorum
525 2969 769 3033 interuentione
792 2988 931 3050 regnum
956 2969 1149 3031 mereamini
1175 2967 1314 3032 feliciter
1332 2986 1408 3049 pos-

205 3054 321 3117 sidere.

251 3138 353 3223 Quod
377 3144 448 3225 ipse
471 3152 619 3225 prestare
643 3143 809 3225 dignetur.

250 3227 446 3294 Benedictio
468 3230 522 3294 dei
546 3231 650 3312 patris
663 3281 670 3295 .
683 3241 717 3294 et
740 3229 867 3296 filii.et
889 3231 1027 3312 spiritus
1050 3230 1169 3293 sancti.

349 3615 605 3698 (Bausmcmo
629 3632 671 3683 ΙΝ
697 3632 849 3681 urraca
874 3616 1018 3682 Snucrr
1043 3618 1226 3683 Manum.
1269 3618 1337 3703 [sol.
1354 3621 1409 3685 60.

276 3804 348 3867 Eus
379 3805 436 3887 qui
467 3804 604 3871 beatum
635 3806 816 3869 martinum
850 3804 1017 3887 presulem
1048 3814 1143 3868 tuum
1175 3805 1224 3868 ita
1253 3805 1408 3887 predisti-

321 3892 427 3969 nasti†
443 3941 450 3958 .
467 3903 504 3956 ut
534 3913 611 3957 eum
635 3904 714 3956 tuae
736 3892 866 3974 gratiae
888 3892 1079 3974 perenniter
1101 3892 1230 3956 iuberes
1249 3892 1409 3975 astringi.

202 3977 296 4125 pqrige
327 3990 408 4043 uota
437 3980 576 4062 populi.
593 3981 651 4061 qui
681 3978 857 4062 prestitisti
889 3978 1035 4060 gloriosa
1067 3979 1185 4043 merita
1214 3978 1405 4044 confessori.

239 4085 319 4131 men.

250 4152 405 4217 Proficiat
427 4154 479 4218 his
502 4153 545 4216 ad
571 4153 715 4217 fructum
737 4153 817 4217 boni
842 4154 953 4235 operis
969 4203 976 4217 .
992 4151 1150 4237 quicquid
1176 4152 1209 4215 in
1235 4154 1409 4218 sacerdote

205 4240 420 4321 amplectitur
442 4262 503 4323 pro
526 4240 626 4305 laude
649 4239 697 4305 tui
721 4241 877 4304 nominis.
923 4241 1041 4305 Amen.

249 4326 296 4391 Et
320 4328 391 4392 eius
421 4329 657 4392 intercessione
683 4328 736 4392 hic
767 4326 913 4410 populus
937 4336 1162 4410 consequatur
1189 4327 1408 4410 ueniam.qui

205 4414 239 4475 te
262 4426 495 4480 remunerante
518 4415 604 4479 felici
629 4414 764 4479 seruitio
789 4416 882 4478 uenit
905 4416 947 4478 ad
972 4415 1128 4497 palmam.
1173 4413 1292 4479 Amen.

250 4500 350 4583 Quod
375 4502 446 4583 ipse
469 4512 617 4585 prestare
640 4502 917 4584 dignetur.cuius
941 4521 1090 4584 regnum.
