3375 5250
484 417 803 469 BENEDICTIONES
823 417 1082 467 EPISCOPALES.
1358 427 1389 478 3¹

225 572 279 639 Sis
306 577 371 640 illis
398 587 567 661 protector
598 586 632 642 et
655 576 812 641 dominus
836 575 870 639 in
894 586 1070 653 eternum.
1086 574 1172 640 sicut
1199 575 1289 641 luisti
1312 577 1393 640 isra-

180 661 328 727 heliticis
352 677 571 747 premonente
596 684 712 745 moyse
735 664 768 726 in
792 663 942 727 subsidio
958 712 965 726 .
981 672 1015 726 et
1037 664 1204 745 aegyptiis
1227 665 1261 726 in
1280 675 1392 728 exter-

183 749 353 816 minio.ut
377 773 444 817 non
470 762 699 835 premerentur
722 769 865 813 oneroso
890 749 1033 814 seruitio
1077 749 1194 814 Amen.

228 836 273 901 Et
300 859 342 901 ne
369 838 506 903 ulterius
532 848 715 921 grauentur
742 836 830 901 mole
861 836 1116 918 peccaminum.
1134 838 1273 920 dignare
1302 839 1391 904 circa

181 942 240 986 eos
264 925 416 989 diuInum
444 925 593 1008 inpertiri
625 925 831 1008 presidium.
848 938 885 987 ut
910 924 970 987 tibi
1002 923 1156 987 famulari
1188 925 1323 990 ualeant
1353 927 1387 989 in

181 1020 366 1076 aeternum.
411 1013 530 1078 Amen.
1258 1032 1262 1037 ·

229 1096 330 1181 Quod
355 1101 427 1182 ipse
451 1111 599 1182 prestare
624 1094 804 1180 dignetur.1

347 1375 573 1456 [lucremur
596 1388 785 1527 cnmswua
808 1387 859 1437 oa
884 1376 1202 1444 Fssriunnrmus
1225 1379 1293 1463 [Iol.
1308 1401 1386 1464 42v.

695 1476 916 1527 lucrouun.

367 1598 391 1662 I.
417 1597 612 1661 Benedictio
635 1598 668 1659 in
693 1597 805 1660 natale
827 1599 933 1661 sancti
957 1600 1122 1681 stephani.

215 1754 218 1759 ,
345 1685 390 1748 II.
415 1684 610 1748 Benedictio
634 1685 667 1746 In
691 1685 802 1748 natale
825 1687 931 1748 sancti
951 1687 1112 1751 iohannis.

328 1773 393 1836 III.
417 1773 613 1836 Benedictio
635 1771 668 1833 in
692 1771 803 1835 natale
826 1782 1016 1836 sanctorum
1040 1776 1265 1842 innocentum.

312 1859 395 1923 IIII.
420 1859 613 1922 Benedictio
632 1858 666 1921 in
685 1859 797 1921 natale
820 1861 927 1923 sancti
950 1860 1142 1926 sebastiani.

354 1945 397 2009 V.
423 1946 617 2009 Benedictio
641 1946 674 2006 in
698 1946 809 2008 natale
832 1956 948 2010 sancte
970 1951 1111 2029 agnetis.

334 2033 395 2096 VI.
421 2033 614 2097 Benedictio
637 2033 670 2094 in
694 2033 911 2096 conuersione
932 2036 1038 2097 sancti
1058 2038 1149 2116 pauli
1172 2045 1329 2123 apostoli.

320 2119 401 2185 VII.
426 2120 619 2183 Benedictio
641 2120 675 2181 in
699 2118 929 2201 purificatione
951 2131 1067 2200 sancte
1091 2127 1203 2191 marie.

300 2207 399 2271 VIII.
424 2207 619 2270 Benedictio
642 2209 686 2270 ad
710 2208 846 2269 missam
870 2209 988 2271 eadem
1011 2211 1074 2274 die.

336 2294 398 2358 IX.
422 2294 618 2358 Benedictio
642 2295 675 2356 in
703 2293 814 2357 natale
838 2303 976 2358 sanctae
999 2297 1153 2379 agathae.

352 2381 395 2446 X.
419 2380 613 2445 Benedictio
640 2380 673 2442 in
700 2380 860 2443 cathedra
885 2383 991 2446 sancti
1018 2386 1103 2464 petri
1128 2390 1282 2470 apostoli.

335 2471 398 2532 XI.
423 2468 618 2533 Benedictio
645 2469 679 2529 In
706 2467 817 2530 natale
841 2469 948 2532 sancti
975 2472 1125 2552 gregorii.

314 2555 396 2619 XII.
420 2556 615 2619 Benedictio
640 2555 672 2617 in
698 2555 954 2617 adnuntiatione
980 2571 1118 2621 sanctae
1145 2563 1279 2629 mariae.

293 2644 397 2708 XIII.
421 2643 616 2707 BenedictIo
640 2643 683 2704 de
710 2642 904 2705 inuentione
931 2655 1068 2709 sanctae
1093 2652 1206 2714 crucis

272 2731 393 2795 XIIII.
419 2731 613 2793 Benedictio
639 2730 671 2792 in
700 2730 813 2811 uigilia
840 2732 946 2793 sancti
974 2731 1127 2796 iohannis
1154 2744 1367 2818 precursoris.

320 2819 397 2882 XV.
421 2817 614 2881 Benedictio
641 2818 674 2878 in
702 2816 878 2879 natIuitate
897 2820 1005 2881 sancti
1031 2821 1193 2887 iohannis

297 2906 392 2970 XVI.
417 2905 613 2968 Benedictio
640 2904 674 2965 in
701 2904 814 2985 uigilia
841 2905 1069 2986 apostolorum
1096 2914 1180 2991 petri
1209 2923 1244 2977 et
1269 2919 1370 2999 pauli.

281 2993 396 3055 XVII.
420 2992 615 3055 Benedictio
639 2991 672 3053 in
697 2992 809 3053 natale
835 2993 1016 3055 eorundem
1045 2997 1282 3076 apostolorum.
1336 3064 1341 3075 ,

260 3079 394 3144 XVIII.
420 3077 614 3143 Benedictio
639 3079 673 3139 ln
700 3078 810 3139 natale
834 3081 942 3141 sancti
965 3082 1153 3159 ngmbaldi.

300 3166 399 3230 XIX.
422 3165 616 3229 Benedictio
642 3166 675 3226 in
703 3165 814 3227 natale
840 3168 946 3229 sancti
974 3168 1141 3234 benedicti
1165 3172 1306 3239 abbatis

318 3253 396 3318 XX.
421 3253 616 3316 Benedictio
639 3253 672 3315 in
698 3252 811 3332 uigilia
835 3254 942 3316 sancti
967 3255 1120 3319 laurentii
1147 3259 1257 3340 leuite.

300 3342 396 3405 XXI.
421 3339 616 3403 Benedictio
639 3340 673 3401 in
700 3340 812 3401 natale
836 3340 944 3403 sancti
970 3341 1134 3409 laurentii.

258 3426 396 3509 [XXII.
421 3426 616 3490 Benedictio
642 3426 676 3487 in
702 3427 930 3508 assumptione
956 3440 1093 3493 sanctae
1120 3435 1232 3513 marie.
1255 3436 1325 3520 [fol.
1340 3457 1396 3520 43.

259 3514 398 3579 XXIII.
423 3514 618 3577 Benedictio
642 3515 675 3575 in
699 3511 812 3574 natale
837 3516 943 3576 sancti
969 3516 1200 3587 bartholomei.

237 3603 397 3667 XXIIII.
422 3601 617 3664 Benedictio
643 3602 677 3661 In
702 3600 924 3663 decollatione
947 3606 1053 3666 sancti
1077 3607 1242 3672 iohannis.

287 3690 398 3753 XXV.
422 3687 616 3751 Benedictio
644 3689 676 3749 in
703 3688 879 3750 natiuitate
904 3701 1040 3752 sanctae
1064 3695 1177 3771 marie.

190 3822 192 3853 1
266 3777 397 3840 XXVI.
421 3774 615 3839 Benedictio
642 3776 675 3836 in
700 3775 907 3837 exaltatione
930 3785 1046 3856 sancte
1069 3782 1183 3846 crucIS.

245 3864 397 3927 XXVII.
421 3862 616 3926 Benedictio
639 3862 672 3923 in
696 3861 877 3925 sestiuitate
899 3866 1005 3926 sancti
1033 3868 1210 3934 mIchaelis.

223 3950 393 4015 XXVIII.
418 3951 505 4013 Item
533 3949 598 4010 alia
624 3950 667 4011 de
689 3950 808 4010 eodem
832 3962 949 4012 sancto
974 3953 1182 4035 archangelo.

206 4036 395 4102 XXVIIII.
419 4036 614 4099 Benedictio
637 4036 670 4098 in
694 4034 878 4098 sestiuitate
900 4039 1050 4101 omnium
1074 4050 1278 4110 sanctorum.

281 4124 394 4188 XXX.
419 4126 506 4187 Item
529 4123 595 4185 alla
617 4123 660 4186 de
682 4124 800 4185 eadem
824 4123 1026 4188 celebritate.

227 4314 236 4343 ²
254 4313 310 4363 The
327 4312 384 4361 four
401 4326 478 4375 pages
497 4309 627 4373 following
644 4308 694 4358 this
711 4307 787 4357 series
805 4308 834 4357 of
851 4309 1025 4359 benedictions
1043 4310 1108 4372 (sols.
1122 4318 1269 4377 4ov.-42v.)
1282 4334 1346 4367 were
1357 4321 1410 4375 leit,

193 4379 272 4429 blank
288 4379 322 4441 by
333 4378 376 4427 the
388 4375 495 4440 original
512 4376 601 4425 scribe.
636 4375 699 4423 Two
712 4374 741 4423 ol
749 4376 817 4423 them
830 4374 896 4435 (fols.
910 4388 967 4435 4ον.
981 4376 1031 4424 and
1040 4378 1110 4437 41v.)
1120 4393 1162 4427 are
1169 4394 1227 4429 now
1235 4383 1356 4447 occupied
1367 4387 1402 4451 by

193 4446 236 4497 the
248 4442 373 4494 Deacon’s
385 4442 488 4491 address
499 4453 524 4490 at
536 4442 579 4491 the
591 4438 791 4489 Reconciliation
803 4440 832 4489 oi
847 4440 975 4491 Penitents
989 4441 1075 4503 (Adest
1089 4458 1103 4491 o
1119 4446 1266 4495 venerabiles
1276 4452 1408 4515 pontzstxp

193 4513 253 4572 etc.)
265 4510 366 4559 written
377 4509 411 4571 by
422 4524 437 4557 a
449 4506 552 4570 slightly
564 4508 627 4555 later
638 4504 716 4555 hand.
