3375 5250
278 380 326 429 104
572 366 811 416 Bas'mcrlo
831 366 941 415 SIGSI
957 366 1176 415 racemata.

279 528 450 629 percussio
464 527 664 591 fulminum.
676 527 761 590 lesio
776 528 1020 591 tonitruorum.
1030 526 1206 589 calamitas
1219 535 1481 609 tempestatum.

279 615 579 766 ii¹1¹1¹¹¹i⁸³³¹¹¹tus
571 615 818 766 {iffi
824 626 873 765 13²
881 614 1184 765 ffittttffl
1205 613 1482 763 Ἥῗῖᾞῖ

278 722 477 853 resudantes
514 791 558 852 ad
598 790 654 871 pie
687 790 804 852 matris
834 789 1030 871 gremium
1050 721 1283 851 mnteniuffi
1312 787 1480 851 canticum

278 895 405 939 nouum
442 877 476 939 in
513 876 636 939 eclesia
682 885 876 939 sanctorum
899 924 908 938 .
930 875 1119 939 deferentes
1167 874 1203 937 in
1246 895 1333 938 sono
1379 875 1483 937 tubae

277 963 472 1045 preconium
501 1013 510 1027 .
540 963 808 1027 modulationem
860 982 921 1045 per
970 962 1166 1045 psalterium
1195 1011 1204 1025 .
1233 961 1481 1026 exultationem

278 1048 354 1133 sper
372 1070 538 1131 mgannm
553 1099 563 1115 .
577 1051 781 1114 suauitatem
803 1070 864 1130 per
884 1060 1087 1132 tympanum
1102 1098 1111 1113 .
1126 1048 1276 1112 iocundi·
1296 1048 1367 1131 [fol
1391 1063 1484 1112 122v.

277 1146 385 1201 tatem
423 1157 484 1220 per
521 1138 716 1219 cymbalum
731 1187 739 1200 .
754 1147 923 1220 quatenus
952 1137 1096 1200 inuitare
1123 1136 1261 1200 ualeant
1288 1138 1324 1199 in
1352 1134 1483 1215 templo

276 1232 396 1288 sancto
417 1236 479 1288 tuo
495 1224 530 1287 in
550 1224 603 1287 his
619 1225 790 1307 obsequiis
804 1234 840 1286 et
855 1224 1008 1305 precrbus
1021 1220 1254 1287 exercituum¹
1267 1223 1483 1303 angelorum.

277 1310 427 1376 saluator
448 1311 566 1375 mundi
581 1362 590 1376 .
604 1312 663 1394 qui
684 1332 762 1375 cum
785 1320 882 1394 patre
903 1321 940 1375 et
960 1311 1080 1394 spiritu
1102 1322 1231 1373 sancto

322 1574 440 1638 Finita
473 1574 685 1639 benedtctirme
705 1623 714 1638 .
737 1575 869 1638 lavetur
898 1575 1034 1657 signum
1066 1595 1140 1635 cum
1172 1596 1260 1655 aqua
1295 1572 1486 1636 bmedkta.

277 1662 485 1726 cantantibus
522 1663 656 1725 interim
694 1663 738 1725 ci.
769 1662 916 1744 psalmos
929 1711 938 1724 .
952 1682 1091 1742 quorum
1114 1662 1250 1744 primus
1277 1662 1326 1723 sic
1351 1658 1486 1741 incipit.

279 1749 380 1813 lauda
401 1751 516 1813 anima
538 1771 610 1813 mea
631 1749 801 1812 dominum
817 1799 825 1812 .
841 1769 943 1829 usque
966 1749 1004 1810 in
1020 1749 1126 1831 finem
1142 1747 1318 1830 psalterii.
1333 1768 1407 1810 cum
1427 1745 1489 1808 lrac

279 1836 458 1919 antiphona
475 1836 646 1913 ίηίιιὶιήεῒ
666 1847 765 1918 atque
773 1834 923 1919 finitist.

325 1969 367 2033 In
388 1969 527 2033 ciuitate
548 1968 678 2032 domini
700 1969 790 2033 clare
818 1978 944 2031 sonant
968 1969 1092 2049 iugiter
1116 1989 1245 2050 organa
1269 1978 1486 2032 sanctorum.

279 2056 327 2120 ibi
349 2056 600 2120 cinnamomum
619 2065 654 2119 et
671 2056 863 2119 balsamum
885 2056 971 2119 odor
991 2057 1233 2119 suauissimus.
1249 2056 1307 2138 qni
1324 2056 1369 2119 ad
1386 2057 1490 2119 deum

280 2144 451 2227 pertinet.
467 2143 514 2207 ibi
544 2142 655 2226 angeli
685 2155 721 2206 et
750 2143 944 2225 archangeli
977 2164 1121 2224 ymnum
1149 2163 1277 2207 nouum
1307 2143 1489 2206 decantant

283 2240 365 2297 ante
386 2232 502 2296 sedem
525 2231 580 2295 dei
604 2229 747 2294 alleluia.

631 2553 702 2617 His
716 2555 864 2638 peractis
880 2553 1012 2619 debatur
1027 2555 1140 2619 motio.

290 2700 425 2829 DEus
462 2700 519 2784 qui
555 2722 616 2785 per
652 2723 793 2785 moysen
836 2702 1012 2786 legiferum
1050 2704 1214 2767 famulum
1255 2714 1353 2767 tuum
1391 2703 1491 2767 tubas

397 2799 574 2871 argenteas
607 2790 786 2872 precepisti
817 2789 912 2855 fieri.
930 2811 1014 2874 quas
1046 2792 1129 2854 dum
1162 2788 1308 2855 leuitae¹
1338 2790 1490 2855 sacrificii

285 2875 506 2958 clangerent.
530 2877 644 2940 sonitu
677 2876 865 2941 dulcedinis
899 2878 1045 2961 populus
1075 2879 1224 2942 monitus
1254 2875 1315 2942 ιιι*
1344 2887 1379 2941 te
1410 2878 1491 2941 ado

285 2962 427 3026 randum
454 2961 548 3026 fieret
577 2974 738 3046 paratus.
753 2986 895 3048 quarum
924 2967 1083 3048 clangore
1111 2976 1242 3030 ortams
1268 2967 1313 3029 ad
1339 2964 1490 3029 bellum.

287 3049 459 3132 magnalia
480 3050 550 3114 tela
568 3061 793 3134 prosterneret
815 3054 1087 3117 aduersantium.
1100 3065 1212 3135 presta
1230 3063 1269 3116 ut
1290 3053 1355 3115 hoc
1374 3053 1491 3116 tintin-

287 3135 449 3200 nabulum
479 3146 559 3201 tuae
588 3139 708 3218 eclesie
739 3138 970 3225 presparatum
999 3139 1225 3204 sanctificetur
1253 3140 1298 3202 ab
1324 3139 1394 3222 [fol
1421 3155 1492 3220 123.

287 3224 406 3307 spiritu
452 3234 599 3290 sancto.
622 3236 661 3291 ut
697 3247 757 3309 per
793 3228 882 3291 illius
919 3237 1048 3291 tactum
1085 3228 1140 3291 uel
1183 3229 1331 3290 sonitum
1375 3224 1491 3291 fideles

289 3311 473 3376 inuitentur
489 3314 533 3376 ad
551 3316 717 3396 premium
730 3363 738 3378 .
750 3324 785 3379 et
803 3335 881 3376 cum
900 3315 1047 3377 melodia
1064 3315 1136 3378 eius
1154 3315 1290 3378 auribus
1307 3314 1493 3378 insonuerit

289 3400 520 3482 populorum.
544 3409 670 3466 crescat
702 3400 736 3464 in
769 3401 817 3464 eis
855 3400 992 3464 deuotio
1033 3399 1111 3463 fidei
1135 3450 1144 3465 .
1167 3401 1283 3483 procul
1325 3400 1493 3483 pellantur

289 3505 407 3550 omnes
432 3487 552 3564 incidie
579 3487 727 3550 inimici.
743 3486 856 3568 fragor
881 3489 1082 3569 grandinum
1098 3535 1106 3552 .
1122 3488 1267 3569 procella
1295 3488 1493 3552 turbinum.

290 3573 436 3655 impetus
481 3582 752 3656 tempestatum.
776 3584 1006 3657 temperentur
1044 3574 1167 3638 infesta
1209 3575 1389 3639 tonitrua.
1411 3595 1492 3638 uen-

288 3668 398 3724 torum
433 3658 537 3723 flabra
567 3659 651 3724 fiant
679 3660 857 3725 salubriter
886 3682 925 3724 ac
962 3661 1185 3740 moderatael
1215 3681 1402 3744 suspensa.
1419 3682 1496 3745 pro-

290 3755 442 3810 sternant
464 3766 501 3808 se
524 3749 613 3825 aerie
635 3758 821 3829 potestates
852 3748 1013 3812 dexterae
1042 3759 1122 3813 tuae
1143 3749 1316 3825 uirtutae†
1337 3797 1345 3812 .
1366 3758 1405 3813 ut
1429 3750 1494 3812 hoc

291 3833 465 3896 audientes
497 3833 760 3899 tintinnabulum
790 3847 992 3900 tremescant
1015 3845 1050 3899 et
1075 3835 1239 3917 effugiant
1267 3847 1348 3901 ante
1376 3847 1493 3914 sancte

291 3919 396 3983 crucis
428 3920 620 3986 uexillum.
641 3933 753 4004 presta
783 3922 933 3986 saluator
961 3924 1014 3986 cui
1046 3922 1190 3986 flectitur
1222 3943 1322 3987 omne
1352 3943 1493 4006 regnum

290 4007 516 4072 caelestium.
540 4009 776 4073 terrestrium.
801 4019 835 4073 et
883 4009 1117 4074 infernorum.
1141 4019 1176 4073 et
1223 4012 1332 4074 omnis
1379 4010 1495 4093 lingua

290 4091 469 4158 confitetur
490 4095 569 4176 quia
591 4096 747 4159 dominus
769 4106 884 4160 noster
904 4097 1016 4160 ihesus
1038 4096 1182 4160 christus
1204 4097 1362 4162 absorbta
1385 4108 1495 4161 morte

289 4199 350 4263 per
377 4181 565 4263 patibulum
592 4183 698 4246 crucis
728 4195 847 4264 regnat
869 4184 903 4245 in
926 4184 1033 4266 gloria
1055 4184 1109 4247 dei
1131 4185 1236 4267 patris
1267 4205 1343 4249 cum
1374 4184 1492 4266 spiritu

288 4276 406 4332 sancto
421 4317 429 4333 .
445 4289 505 4351 per
526 4271 639 4333 omnia
661 4271 774 4334 secula
795 4271 991 4335 seculorum.

386 4435 394 4466 ¹
412 4437 455 4502 leg.
467 4438 612 4489 exercitum.
759 4441 770 4471 ²
786 4448 900 4508 tempore,
913 4441 1021 4493 omitted
1032 4443 1058 4493 in
1071 4443 1129 4492 MS.
1274 4445 1284 4473 ³
1300 4446 1345 4507 leg.
1358 4445 1399 4494 ad.
