3375 5250
281 399 326 461 Ι56
447 401 547 451 ORDO
570 401 740 451 CONCILII
756 399 990 451 PROVINCIAE
1012 395 1311 448 ROTOtlIAGENSIS.

279 562 318 623 de
340 563 469 623 tumultu
489 572 655 626 enement.
671 562 864 641 Quicumque
886 581 959 640 ergo
980 561 1012 621 in
1034 569 1187 622 conuentu
1208 555 1330 620 concilii
1350 556 1408 632 hec
1429 573 1489 632 que

280 641 426 719 premissa
460 655 529 706 sunt
563 644 707 706 uiolanda
740 642 930 704 crediderit.
954 654 985 704 et
1019 653 1127 702 contra
1161 641 1220 718 hec
1253 638 1412 728 interdicta
1435 647 1487 694 aut

280 726 410 786 tumultu
437 735 489 787 aut
515 725 704 786 contumeliis
738 726 787 786 uel
814 724 923 786 risibus
950 722 1112 784 concilium
1146 719 1364 804 perturbarent
1380 764 1388 779 .
1404 726 1488 776 iuxta

280 803 384 897 diuipe
411 803 486 884 legis
514 807 671 869 edictum.
687 823 748 884 quo
770 805 954 884 precipitur.
970 804 1035 866 eice
1059 803 1220 865 derisorem
1250 814 1280 863 et
1301 798 1395 862 exibit
1415 816 1486 857 cum

280 905 319 946 eo
346 905 475 964 iurgium
489 930 498 946 .
512 906 581 948 cum
602 906 686 949 omni
710 888 895 948 confusionis
923 885 1072 948 dedecore
1096 885 1262 945 abstractus
1289 902 1308 942 a
1331 879 1487 971 communi

280 976 351 1026 cetu
398 968 542 1032 secedat.
558 978 589 1030 et
629 966 720 1029 trium
757 967 873 1029 dierum
915 965 1237 1029 excommunicationis
1283 971 1487 1025 sententiam.

281 1048 433 1124 perferat.l

325 1131 409 1190 Tunc
426 1131 504 1190 driat
514 1131 650 1208 pontr'fax
668 1132 746 1190 hanc
764 1132 1011 1192 exhortationem.
1028 1131 1109 1190 Ecce
1129 1124 1308 1188 sanctissimi
1335 1121 1488 1202 premissis

281 1210 341 1271 deo
362 1210 501 1289 precibus
521 1212 737 1273 fraternitatem
757 1224 887 1273 uestram
915 1232 985 1272 cum
1007 1210 1057 1288 pia
1076 1210 1284 1271 exhortatione
1304 1203 1488 1266 conueniet

282 1300 314 1350 et
334 1295 402 1370 sper
422 1291 560 1353 diuinum
580 1311 694 1354 nomen
714 1292 850 1354 obtestor
864 1338 872 1354 .
886 1303 920 1354 ut
941 1312 978 1354 ea
998 1312 1056 1370 que
1077 1290 1115 1352 de
1136 1290 1224 1350 nobis
1238 1335 1246 1351 .
1261 1289 1301 1348 de
1331 1285 1395 1367 [fol.
1420 1303 1487 1361 179.

283 1372 342 1432 deo
358 1419 365 1432 .
380 1374 420 1434 de
447 1373 538 1434 sacris
566 1374 742 1435 ordinibus.
758 1377 807 1434 uel
834 1373 943 1434 nostris
971 1373 1102 1435 moribus
1129 1369 1217 1432 uobis
1244 1367 1354 1430 fuerint
1380 1365 1486 1458 dicta..

282 1472 353 1513 cum
386 1453 471 1515 omni
498 1455 610 1532 pietate
644 1453 813 1532 suscipiatis
826 1456 846 1516 τ’
860 1467 891 1516 et
922 1475 992 1515 cum
1021 1472 1139 1514 summa
1171 1448 1340 1513 reuerentia
1366 1449 1489 1510 intentis

282 1533 404 1597 auribus
425 1536 659 1599 auscultaetis².
676 1538 770 1613 Quod
796 1535 822 1595 si
846 1535 969 1597 forsitan
991 1535 1099 1612 aliquis
1126 1543 1261 1595 uestrum
1283 1531 1368 1594 aliter
1395 1548 1486 1608 quam

282 1613 365 1675 dicta
390 1615 499 1678 suerint
526 1615 672 1680 senserit.
689 1619 754 1679 sine
781 1617 882 1694 aliquo
909 1619 1050 1696 scrupulo
1077 1613 1279 1675 contentionis
1299 1612 1331 1672 in
1353 1623 1487 1672 nostrum

282 1695 418 1757 omnium
445 1698 670 1777 copulationem
693 1717 730 1759 ea
753 1697 820 1775 ipsa
843 1699 883 1759 de
907 1698 1016 1776 quibus
1040 1695 1220 1757 dubitauerit
1241 1694 1425 1756 conserenda
1444 1710 1489 1750 re-

283 1779 396 1839 ducat.
412 1777 539 1856 qualiter
559 1782 618 1841 deo
639 1778 792 1840 mediante
811 1790 865 1841 aut
885 1779 988 1840 doceri
1009 1781 1109 1839 ualeat
1126 1790 1179 1838 aut
1199 1778 1331 1837 doceat.
1347 1773 1489 1851 Denique

283 1857 371 1918 simili
393 1878 449 1920 uos
471 1860 672 1923 obtestatione
695 1860 821 1921 coniuro
836 1906 843 1920 .
859 1872 893 1920 ut
921 1863 1019 1921 nullus
1041 1870 1174 1920 uestrum
1199 1858 1231 1918 in
1253 1855 1415 1917 iudicando
1436 1864 1488 1912 aut

284 1959 444 2016 personam
465 1940 615 2018 accipiat.
630 1952 682 2001 aut
706 1942 842 2019 quolibet
865 1943 967 2002 fauore
992 1943 1042 2002 uel
1063 1959 1187 2001 munere
1208 1940 1341 2017 pulsatus
1368 1956 1388 1996 a
1413 1935 1490 1995 ueri-

284 2031 347 2081 tate
370 2018 529 2085 discedat.
544 2023 604 2084 Sed
628 2041 698 2082 cum
719 2035 804 2083 tanta
827 2022 939 2100 pietate
963 2020 1106 2101 quicquid
1128 2021 1208 2082 cetui
1227 2029 1331 2081 nostro
1355 2016 1490 2078 iudican-

285 2103 359 2162 dum
392 2103 507 2163 illatum
541 2103 629 2165 fuerit
662 2114 842 2166 retractate.
858 2116 892 2164 ut
926 2123 984 2164 nec
1029 2102 1205 2165 discordans
1248 2099 1403 2162 contentio
1446 2097 1488 2156 ad

284 2182 510 2244 subuersionem
539 2182 654 2262 iusticie
688 2185 766 2246 inter
795 2185 852 2246 nds
876 2187 977 2246 locum
1000 2184 1157 2246 inueniat.
1174 2202 1231 2243 nec
1258 2181 1340 2255 idem
1364 2179 1396 2239 in
1424 2196 1490 2256 per-

286 2263 435 2340 quirenda
456 2265 617 2342 aequitatet
628 2266 714 2343 uigor
732 2265 825 2327 uestri
843 2266 958 2327 ordinis
976 2266 1026 2327 uel
1047 2264 1218 2327 sollicitudo
1234 2273 1368 2341 tepescat
1380 2308 1387 2322 .
1400 2263 1491 2320 Nunc

285 2341 312 2404 si
333 2344 421 2406 uobis
441 2346 543 2424 placet
566 2367 731 2425 congruum
753 2347 827 2407 mihi
849 2346 989 2410 uidetur.
1005 2356 1039 2407 ut
1062 2344 1228 2408 sententiae
1250 2363 1325 2422 quas
1346 2343 1386 2402 ad
1408 2339 1491 2432 ,Utssl'

284 2434 379 2486 tatem
400 2425 560 2506 christiane
588 2427 741 2506 religionis
769 2448 787 2489 e
814 2428 941 2489 diuersis
968 2440 1140 2490 sanctorum
1169 2442 1320 2486 canonum
1347 2425 1490 2482 institutis

284 2507 502 2570 statuimus.iu
523 2509 583 2570 hoc
603 2528 689 2570 sacro
709 2509 840 2570 concilio
861 2508 1094 2571 recitentur.Vt
1108 2509 1133 2569 si
1153 2506 1227 2584 quid
1247 2508 1286 2567 ab
1305 2505 1408 2595 aliquo
1416 2521 1491 2596 'neg-

285 2591 398 2651 lectum
423 2599 469 2652 est
491 2589 639 2653 canonice
660 2591 824 2671 corrigatur
838 2638 845 2653 .
859 2592 945 2669 quod
974 2604 1073 2669 uestre
1096 2587 1247 2651 sanctitati
1274 2595 1491 2648 committimus

286 2672 317 2731 Si
342 2669 424 2732 enim
448 2671 618 2749 postposita
639 2671 788 2751 impunita
814 2672 1033 2735 remanserint.
1050 2672 1218 2733 timendum
1239 2680 1285 2730 est
1313 2687 1352 2729 ne
1372 2686 1409 2728 ea
1430 2685 1490 2745 que

285 2752 447 2812 statuenda
465 2765 556 2816 sunt.
573 2754 681 2815 eadem
702 2754 872 2815 temeritate
893 2764 1169 2833 contempnentur.
1188 2752 1272 2809 Tunc
1290 2750 1413 2809 recitatis
1433 2767 1495 2806 sen-

283 2835 381 2893 tentiis
395 2880 403 2895 .
416 2835 536 2911 inrapiat
552 2836 700 2895 cormiium
720 2838 861 2897 celebrari.
898 2882 902 2891 .

325 2916 419 2989 (Item
461 2917 500 2976 de
548 2918 806 2995 contemptoribus
854 2936 1006 2977 canonum
1027 2963 1035 2978 .
1058 2917 1089 2975 in
1132 2916 1266 2975 toletano
1310 2909 1371 2991 [sol.
1404 2927 1492 2985 179v.

283 2996 414 3056 concilio
427 2996 477 3057 vii.

327 3076 359 3136 Si
385 3077 453 3155 quis
474 3089 581 3138 contra
609 3097 646 3139 ea
672 3099 730 3157 que
758 3079 790 3138 in
818 3088 924 3139 sancto
953 3077 1083 3138 concilio
1110 3076 1295 3137 diffiniuntur
1319 3072 1494 3133 temerarius

286 3158 414 3218 uiolator
434 3158 599 3221 extiterit!
613 3161 828 3220 communione
850 3171 881 3219 et
901 3161 1016 3220 honore
1036 3158 1185 3219 multetur.

328 3239 498 3300 Genecleus
525 3240 686 3318 episcopus
710 3241 808 3302 dixit.
824 3242 938 3302 Omnia
965 3258 1036 3318 ergo
1057 3258 1116 3317 que
1136 3258 1156 3298 a
1175 3248 1245 3298 cetu
1276 3232 1494 3314 gloriosissimo

288 3329 399 3380 statuta
426 3321 641 3398 sunttplacet
668 3323 707 3382 ab
735 3322 876 3382 omnibus
907 3320 1134 3382 custodiritab
1168 3317 1315 3379 uniuersis
1342 3314 1494 3393 episcopis

287 3400 401 3461 dictum
425 3412 471 3463 est
485 3447 493 3463 .
509 3402 613 3463 Placet
641 3413 675 3463 ut
704 3403 913 3463 custodiantur
939 3404 978 3461 ab
1005 3401 1145 3461 omnibus
1174 3400 1344 3477 Genegleus
1375 3396 1494 3475 episco-

286 3501 342 3557 pus
361 3481 460 3545 dixit.
475 3482 507 3543 si
527 3484 610 3559 quod
627 3502 690 3543 non
708 3485 867 3560 opinamur
884 3485 923 3544 ab
944 3484 1047 3559 aliquo
1068 3482 1178 3543 fuerint
1198 3482 1328 3542 uiolata.
1341 3479 1415 3555 quid
1435 3487 1495 3536 sta-

286 3561 368 3623 tuitis
389 3562 464 3641 quid
485 3562 594 3624 debeat
608 3563 699 3625 lieri?
713 3565 751 3624 ab
765 3565 912 3625 uniuersis
932 3563 1083 3641 episcopis
1097 3564 1212 3623 dictum
1228 3572 1275 3622 est
1290 3607 1298 3623 .
1313 3560 1374 3637 Qui
1388 3569 1494 3621 contra

286 3663 371 3703 snam
391 3644 615 3786 lprofessionem
638 3646 688 3706 uel
709 3647 960 3724 subscriptionem
984 3644 1122 3706 uenerit.
1139 3645 1204 3722 ipse
1228 3662 1261 3703 se
1282 3644 1322 3702 ab
1345 3644 1404 3704 hoc
1424 3651 1495 3700 cetu

286 3743 391 3801 separa
414 3725 445 3787 it.

327 3805 440 3884 Diuine
475 3806 613 3868 trinitatis
649 3808 847 3885 inseparabile
881 3826 994 3868 numen
1010 3854 1018 3869 .
1033 3808 1111 3868 sicut
1141 3806 1337 3883 inspiratione
1366 3801 1496 3863 mirabili

284 3899 420 3947 nostrum
446 3897 605 3948 tractatum
627 3889 791 3965 primordio
818 3889 1000 3949 illuminauit
1015 3936 1022 3951 .
1038 3889 1081 3948 ita
1101 3887 1364 3948 consummatione
1384 3882 1496 3944 sullimi

286 3967 416 4028 eundem
436 3968 497 4027 iam
518 3969 699 4045 perficiendo
727 3971 903 4031 concludit.
920 3973 963 4030 Vt
987 3970 1019 4030 in
1044 3968 1116 4030 illa³
1144 3968 1182 4029 sit
1206 3980 1342 4028 nostrum
1363 3965 1497 4042 explicu-

286 4049 345 4109 isse
358 4049 402 4110 ,ά
428 4067 490 4127 quo
510 4050 598 4111 nobis
625 4052 681 4111 suit
708 4052 888 4113 inchoasse.
905 4052 1012 4112 damus
1039 4068 1110 4129 ergo
1135 4049 1262 4126 gloriam
1290 4059 1321 4109 et
1347 4049 1496 4107 honorem

286 4129 386 4189 eidem
409 4141 512 4207 sancte
535 4142 626 4209 atque
644 4130 820 4193 indiuisibili
840 4133 987 4194 trinitati.
1005 4133 1072 4210 Que
1093 4132 1182 4193 nobis
1206 4141 1238 4191 et
1258 4149 1295 4190 ex
1316 4146 1349 4188 se
1369 4127 1497 4187 dicere.

286 4219 316 4268 et
341 4211 373 4269 in
397 4230 430 4271 se
454 4212 536 4272 dicta
559 4213 746 4290 compleuit.
764 4216 831 4292 Que
859 4214 1033 4274 reformauit
1053 4215 1086 4272 in
1110 4212 1300 4272 extremitate
1327 4210 1497 4270 seculorum

288 4431 293 4441 Ι
318 4366 331 4479 ¹t
345 4367 417 4481 qelre
428 4382 477 4495 135
487 4366 611 4432 marginal
622 4369 778 4418 note-Redi
793 4376 857 4419 retro
873 4369 909 4417 ad
923 4370 1024 4433 rr'grtrm
1037 4369 1113 4416 hatita
1125 4367 1208 4432 figure
1227 4370 1268 4426 θ.
1304 4366 1360 4415 The
1371 4366 1501 4416 reference

286 4447 308 4479 rs
332 4447 348 4480 o
369 4446 433 4483 o.1
470 4469 477 4481 .

318 4496 777 4564 'Thesuperfluousaisexpunged
1042 4496 1207 4548 ³Corrected
1219 4505 1246 4546 to
1258 4497 1310 4547 illo.
