3375 5250
246 484 248 492 .
312 463 359 514 134
662 451 873 502 ORDINATIO
894 451 1171 502 MONACHORUM

312 610 420 675 salute
445 612 577 676 animae
603 631 684 675 suae
709 612 809 676 luerit
834 611 1035 695 deprecatus
1064 612 1246 677 obtineat.
1270 614 1314 678 sit
1345 613 1416 678 uita
1446 633 1522 696 pro·

312 698 434 763 babilis
451 746 459 765 .
476 700 520 763 sit
543 700 677 781 sapiens
700 708 734 764 et
756 699 918 765 humilis.
935 700 979 764 sit
1002 699 1142 763 scientia
1165 720 1263 763 uerus
1280 752 1294 776 .,
1304 700 1520 785 oboedientia

312 785 421 849 clarus
438 834 447 851 .
463 787 666 851 conueniens
696 786 730 849 in
752 786 905 850 doctrina
920 834 928 851 .
946 788 979 849 in
1003 785 1301 870 increpastionibus
1329 785 1403 874 [fol.
1423 792 1518 869 154v.

313 872 495 936 immobilis
520 920 529 939 .
553 873 587 936 in
614 874 782 956 grauitate
805 875 975 939 decorus.
1004 874 1038 937 in
1069 876 1225 955 passione
1254 875 1424 958 piissimus
1449 922 1458 939 .
1484 876 1519 937 in

314 958 508 1044 operatione
523 969 642 1024 cautus
659 1007 668 1025 .
685 961 719 1023 in
736 960 957 1044 dispositione
978 960 1163 1026 sollicitus.
1180 962 1214 1024 in
1238 961 1520 1043 temptationibus

313 1046 407 1110 sortis
424 1094 433 1111 .
450 1047 484 1111 in
508 1048 634 1111 iniuriis
656 1048 810 1131 patiens.
826 1047 860 1110 in
883 1067 966 1131 pace
990 1046 1104 1113 fixus.
1122 1048 1156 1111 in
1177 1048 1369 1113 elemosinis
1383 1061 1520 1132 promp-

312 1143 367 1199 tus
392 1180 401 1199 .
425 1134 459 1197 in
490 1134 695 1199 orationibus
718 1134 898 1217 frequens.
915 1135 950 1197 in
974 1135 1200 1199 misericordia
1221 1136 1367 1203 efficax.
1385 1138 1420 1199 in
1443 1137 1521 1199 sub·

313 1221 393 1285 ditis
416 1222 491 1305 pius
508 1268 516 1286 .
533 1241 595 1286 nec
621 1222 665 1286 sit
694 1223 860 1286 inmemor
882 1223 973 1304 quod
995 1242 1017 1285 a
1039 1231 1074 1285 te
1096 1223 1139 1285 de
1161 1221 1230 1286 suis
1253 1225 1317 1288 erit
1338 1224 1445 1291 factis,
1459 1232 1521 1287 tuo

311 1307 435 1371 iudicio
457 1308 671 1373 iudicandus
695 1356 704 1373 .
731 1309 842 1372 Huius
880 1329 1014 1391 quoque
1043 1310 1181 1373 domine
1212 1310 1461 1392 deprecamur.
1484 1320 1523 1375 ut

312 1414 450 1459 munera
473 1395 625 1479 placatus
648 1396 817 1479 accipias.
835 1405 870 1460 et
892 1396 1050 1478 quicquid
1074 1416 1095 1460 a
1121 1407 1155 1461 te
1177 1398 1311 1479 petierit
1339 1398 1522 1462 clementer

313 1483 466 1564 inpertiri
489 1483 658 1565 digneris.
674 1503 741 1566 per.

316 1653 698 1877 OMnipotens
594 1757 628 1814 et
644 1748 831 1814 misericors
849 1750 933 1813 deus
949 1749 1052 1813 totius
1067 1760 1203 1814 sanctae
1222 1749 1392 1833 religionis
1407 1721 1520 1852 origo

427 1856 604 1919 ommsque
640 1833 903 1918 professionis
894 1856 928 1899 m
966 1846 1001 1900 te
1029 1848 1167 1901 aeterna
1196 1837 1367 1902 saluatio.
1389 1840 1522 1921 suscipe

314 1923 478 2025 propitius
503 1935 583 1988 uota
605 1923 895 2006 professionesque
918 1922 1035 1987 famuli
1058 1925 1107 1988 tui
1130 1925 1187 2007 qui
1210 1926 1254 1988 de
1276 1925 1375 1988 huius
1397 1926 1521 1989 saeculi

313 2012 463 2076 uanitate
484 2022 519 2075 et
540 2010 674 2075 turbine
696 2011 740 2075 ad
763 2020 798 2075 te
820 2010 997 2093 confugit.
1016 2011 1060 2075 sit
1083 2031 1264 2093 quesumus
1284 2012 1522 2077 te'adiuuante

314 2099 358 2163 ab
387 2098 481 2162 omni
508 2099 719 2180 negotiorum
749 2097 947 2161 secularium
977 2098 1119 2180 strepitu
1150 2107 1273 2162 exutus
1296 2118 1346 2163 .a
1375 2100 1522 2164 delecta-

314 2185 462 2251 tionibus
493 2185 760 2266 spectaculorum
790 2186 996 2286 presentium
1027 2186 1185 2253 euulsus.
1201 2206 1223 2249 a
1247 2185 1377 2249 cunctis
1404 2187 1522 2260 mundi

314 2272 592 2357 occupationibus
616 2281 821 2337 extraneus.
838 2274 882 2335 ab
906 2273 1036 2353 antiqui
1061 2271 1182 2357 lhostis
1204 2273 1333 2336 insidiis
1358 2269 1430 2358 [fol.
1450 2288 1520 2355 155.

314 2369 480 2443 ereptus.
504 2358 631 2423 mundo
655 2359 733 2422 huic
763 2368 945 2424 mortuus.
968 2360 1084 2422 mundi
1114 2358 1317 2423 blandientis
1347 2360 1522 2424 inlecebris

315 2446 514 2513 crucifixuS.
527 2442 676 2511 remotus
699 2466 719 2509 a
742 2447 870 2510 cunctis
893 2446 1057 2509 malorum
1079 2445 1360 2529 implicamentis.
1373 2458 1523 2511 remotus

317 2533 563 2599 asecularibus
590 2533 752 2636 pompis,
769 2534 917 2597 remotus
946 2553 968 2595 a
998 2534 1110 2616 prauis
1139 2533 1453 2601 delectationibus
1471 2556 1524 2599 re-

318 2631 428 2685 motus
456 2642 477 2685 a
501 2621 685 2705 praesentis
710 2620 800 2685 uitae
823 2620 1009 2703 contagiis
1025 2630 1173 2685 remotus
1201 2620 1244 2685 ab
1266 2620 1424 2685 omnibus
1447 2644 1522 2706 pra-

317 2729 436 2772 uorum
465 2708 679 2773 retinaculis.
695 2717 844 2771 remotus
869 2729 890 2771 a
915 2709 1043 2772 cunctis
1073 2709 1202 2791 antiqui
1233 2708 1340 2773 hostis
1371 2709 1522 2774 insidiis

316 2796 399 2858 doce
415 2814 492 2859 eum
512 2796 649 2859 domine
663 2795 777 2859 omnia
797 2795 895 2859 huius
918 2795 1008 2858 uitae
1031 2804 1246 2859 contemnere
1261 2816 1440 2896 prospera.
1453 2817 1521 2860 non

315 2882 433 2947 timere
454 2883 617 2948 aduersa.
634 2883 769 2946 iniurias
793 2902 861 2946 non
886 2881 1028 2948 inferre.
1045 2883 1104 2947 sed
1131 2882 1254 2946 inlatas
1277 2885 1520 2966 aequanimiter

315 2968 479 3033 tolerare.
496 2970 649 3046 inimicos
676 2969 847 3053 diligere.
870 2988 932 3051 pro
969 2970 1246 3051 persequentibus
1283 2979 1318 3034 et
1358 2971 1520 3034 calumni-

317 3049 451 3119 antibus
469 3039 669 3139 suppliciter
695 3057 927 3139 deprecare’s.
943 3058 989 3119 nil
1012 3057 1246 3139 concupiscere
1268 3057 1445 3121 carnaliter
1468 3059 1523 3122 uel

318 3142 468 3207 ambire.
485 3162 552 3206 non
583 3143 838 3226 superborum
829 3143 956 3207 iniuriis
985 3142 1145 3225 fatigatus
1171 3143 1328 3209 deficiat.
1345 3165 1413 3208 non
1443 3165 1521 3209 eum

318 3230 474 3311 superbia
488 3229 605 3304 inflet.
622 3251 689 3294 non
705 3232 804 3295 ardor
819 3231 980 3294 auaritiae
997 3230 1183 3295 inflammet
1199 3278 1207 3295 .
1223 3251 1289 3295 non
1306 3252 1394 3295 uana
1416 3232 1524 3314 gloria

316 3316 460 3398 turpiter
482 3316 606 3382 iactet.
622 3337 689 3381 non
713 3318 793 3401 gula
815 3327 874 3382 aut
896 3317 1040 3381 ebrietas
1070 3319 1245 3401 prepediat
1263 3339 1352 3382 .non
1383 3320 1523 3384 ambitio

318 3413 460 3468 uentosa
475 3405 673 3487 precipitet.
690 3425 758 3468 non
773 3405 873 3467 ardor
887 3404 1059 3468 animosae
1080 3406 1306 3469 contentionis
1322 3407 1521 3471 examinet.

317 3510 385 3554 non
401 3489 604 3554 desiderium
620 3491 787 3556 humanae
803 3491 985 3576 [opinionis
1008 3492 1138 3556 eleuet.
1155 3512 1223 3556 non
1245 3494 1318 3557 dia·
1341 3492 1410 3575 [sol.
1429 3508 1520 3574 155v.

316 3577 414 3642 bolus
445 3587 578 3642 auctor
590 3579 786 3662 perditionis
816 3577 908 3642 ledat
937 3586 997 3642 aut
1026 3579 1176 3661 perdat.
1200 3579 1268 3645 Sed
1299 3590 1357 3658 tue
1387 3581 1524 3663 pietatis

317 3666 460 3729 dextera
481 3665 739 3730 clementissime
758 3670 861 3732 deus.
872 3687 893 3729 a
915 3667 1043 3730 cunctis
1066 3675 1160 3730 eruat
1183 3666 1303 3732 malis.
1320 3688 1465 3749 eumque
1488 3669 1523 3731 in

318 3752 465 3835 presenti
481 3761 515 3816 et
531 3752 643 3818 futuro
658 3754 771 3818 seculo
786 3762 944 3837 protegat
959 3762 1059 3836 atque
1074 3755 1261 3835 gubernet.
1279 3763 1316 3818 ut
1331 3764 1367 3818 te
1382 3757 1524 3820 timeat.

318 3839 468 3904 imitetur
490 3849 523 3904 et
547 3840 688 3922 diligat.
699 3840 812 3930 Aperi
828 3838 902 3914 eis†
917 3861 1072 3905 sensum.
1083 3853 1120 3904 ut
1142 3841 1175 3902 in
1199 3841 1389 3905 diuinarum
1405 3843 1525 3906 studiis

318 3927 504 3991 litterarum
528 3936 561 3992 te
585 3927 675 4011 legat
698 3917 820 3991 corde.
836 3948 893 3992 ore
916 3937 950 3991 et
965 3948 1067 4010 opere
1083 3929 1285 3992 meditetur.
1301 3939 1337 3993 et
1351 3929 1524 3994 intellecta

318 4013 374 4076 die
405 4023 574 4097 noctuque
603 4024 736 4080 seruet.
753 4015 910 4079 caelestia
933 4024 967 4079 et
996 4025 1133 4079 aeterna
1162 4017 1294 4099 sapiat.
1311 4026 1443 4081 terrena
1473 4037 1523 4080 re-

298 4101 443 4183 ¹spuet's
464 4112 498 4167 et
520 4102 674 4167 caduca.
696 4102 879 4166 oboediens
901 4101 945 4166 sit
972 4109 1006 4165 et
1036 4103 1120 4166 alios
1143 4103 1308 4168 instruat.
1325 4103 1467 4167 Amicos
1489 4116 1526 4168 et

318 4187 472 4252 inimicos
496 4208 556 4272 pro
577 4189 626 4253 tui
645 4188 788 4253 nominis
812 4209 925 4253 amore
952 4199 1043 4254 amet
1065 4198 1100 4254 et
1121 4189 1266 4273 diligat.
1284 4191 1525 4254 Humilitatem

318 4283 352 4338 et
377 4275 542 4340 uilitatem
569 4284 684 4341 teneat
715 4277 850 4359 equae†
879 4287 914 4340 et
938 4286 1120 4341 exerceat.
1138 4277 1381 4342 Castimoniam
1405 4289 1440 4342 et
1463 4298 1524 4361 pu·

317 4361 466 4427 dicitiam
492 4364 592 4427 corde
618 4374 652 4429 et
678 4383 815 4447 corpore
838 4363 1085 4447 amplectetur†
1112 4373 1145 4428 et
1168 4374 1281 4429 teneat
1298 4412 1305 4429 .
1321 4366 1525 4430 Patientiam

317 4457 352 4512 et
374 4448 665 4532 longanimitatem
682 4452 950 4534 arripiat.·atque
965 4452 1133 4516 custodiat
1148 4501 1156 4516 .
1174 4452 1341 4516 Ieiunium
1364 4462 1398 4516 et
1420 4453 1526 4516 absti-

316 4538 465 4602 nentiam
478 4539 614 4604 studeat
629 4539 728 4602 simul
744 4549 777 4604 et
793 4545 903 4604 amet.
917 4538 1088 4605 Gemitum
1105 4548 1139 4603 et
1154 4541 1340 4603 orationem
1356 4541 1527 4606 desideret
