3375 5250
501 439 821 492 BENEDICTIONES
840 441 1099 492 EPISCOPALES.

310 701 354 764 In
378 719 703 773 Anuuurmrrona
727 721 923 788 ernamur,
946 709 1126 774 Umcnus
1150 709 1291 786 Manna

268 876 337 941 Eus
362 883 419 963 qui
444 902 521 947 cum
546 893 581 948 te
606 904 673 948 non
700 886 837 968 capiant
863 883 946 950 caeli
973 883 1133 966 dignatus
1158 884 1194 946 es
1217 882 1252 944 in
1275 875 1404 959 templo

310 970 393 1031 uteri
418 970 591 1053 uirginalis
610 972 803 1037 includi.ut
824 982 933 1036 mater
952 972 1083 1053 integra
1103 969 1243 1033 haberet
1266 975 1300 1029 et
1319 965 1404 1028 sruc-

197 1067 269 1118 tum
293 1055 337 1118 de
359 1057 501 1138 spiritu.
519 1070 553 1122 et
580 1059 864 1142 incorruptionem
891 1061 935 1124 de
953 1070 1051 1141 partu
1068 1104 1076 1120 .
1093 1055 1138 1121 dal
1161 1054 1301 1132 ecclesie
1324 1061 1403 1115 tuae

196 1141 354 1291 angelum
371 1148 564 1210 custodem.
578 1145 635 1229 qui
657 1146 762 1212 filium
785 1149 910 1210 mariae
931 1145 999 1210 fide
1016 1144 1227 1228 concipiente
1243 1138 1402 1226 predixit.

233 1251 502 1403 bll’ctificetque
545 1339 681 1403 gregem
729 1331 825 1386 tuum
872 1320 930 1384 illa
972 1318 1284 1399 benedictio.un
1328 1312 1401 1376 sine

194 1405 323 1470 semine
353 1407 525 1471 humano.
543 1409 789 1490 redemptorem
821 1419 974 1473 nostrum
1005 1406 1144 1490 uirginis
1176 1401 1336 1469 formauit
1368 1400 1401 1462 in

195 1501 300 1642 unffi.
314 1495 577 1665 teAblbl'egente
606 1583 737 1647 exultet
768 1583 909 1647 ecclesia
939 1583 983 1646 de
1013 1588 1219 1663 congregato
1250 1574 1399 1661 populo.

193 1664 301 1816 spargi
317 1667 511 1732 beatissima
550 1671 654 1733 maria
693 1670 813 1734 meruit
847 1670 981 1752 gloriari
1019 1670 1062 1733 de
1099 1668 1207 1732 fructu
1244 1662 1402 1747 pretioso.

238 1838 339 1920 Quod
363 1842 435 1925 ipse
458 1854 607 1926 prestare
629 1844 795 1927 dignetur.
841 1846 960 1910 Amen.

236 2181 493 2264 [Bauaorcrro
517 2197 566 2246 oa
591 2197 836 2250 ruurnrrons
860 2182 1038 2249 Sancus
1064 2180 1213 2249 Caucrs.
1238 2176 1309 2270 [sol.
1329 2194 1402 2260 sov.

254 2360 420 2427 Enedicat
441 2384 502 2427 uos
523 2365 737 2446 omnipotens
760 2365 866 2429 deus.
883 2362 940 2445 qui
964 2382 1023 2445 per
1045 2359 1208 2444 unigeniti
1227 2360 1280 2430 sui
1302 2359 1398 2422 ihesu

295 2451 409 2514 christi
447 2450 575 2514 domini
614 2451 718 2514 nostri
757 2450 972 2534 passionem.
990 2459 1024 2513 et
1065 2450 1171 2513 crucis
1210 2445 1398 2529 patibulum

190 2557 296 2622 genus
319 2537 461 2602 redemit
484 2538 677 2602 humanum.
722 2538 839 2602 Amen.

235 2627 474 2708 Concedatque
490 2628 603 2691 uobis.
616 2638 652 2690 ut
668 2647 744 2690 cum
761 2626 919 2690 omnibus
934 2626 1059 2689 sanctis
1080 2622 1228 2707 quaesit
1245 2620 1396 2685 eiusdem

189 2714 295 2780 crucis
333 2713 508 2795 longitudo
525 2764 532 2778 .
549 2714 693 2778 latitudo
710 2764 716 2778 .
734 2714 923 2778 sublimitas
962 2724 996 2776 et
1034 2711 1240 2795 profundum
1257 2757 1265 2774 .
1282 2717 1396 2773 mente

190 2805 314 2867 deuota
336 2821 455 2883 capere
479 2802 629 2866 ualeatis.
674 2801 792 2868 Amen.

233 2888 402 2973 Quatinus
452 2889 677 2971 nosmetipsos
719 2887 921 2970 abnegando
937 2938 945 2951 .
961 2905 1162 2968 crucemque
1204 2883 1396 2965 gestando.

188 2978 235 3041 ita
265 2978 298 3041 in
330 2975 494 3058 presentis
525 2976 614 3040 uitae
645 2977 756 3041 stadio
789 2977 1038 3057 redemptorem
1070 2983 1224 3037 nostrum
1255 2970 1393 3052 possitis

187 3066 303 3147 sequi.
321 3074 358 3129 ut
386 3065 415 3127 ei
443 3064 529 3127 inter
558 3064 677 3127 choros
702 3064 898 3146 angelorum
930 3071 1006 3145 post
1037 3061 1167 3125 obitum
1200 3056 1396 3122 mereamini

187 3152 335 3216 adscisci.
381 3151 499 3215 Amen.

346 3463 584 3528 Bauaorc‘rlo
607 3476 648 3525 IN
675 3462 832 3528 Ursum
860 3460 1002 3526 Sancrr
1027 3461 1230 3529 Ionaunrs.

194 3638 328 3764 DEus
358 3640 416 3720 qui
447 3640 584 3702 beatum
616 3639 796 3702 iohannem
826 3637 1010 3719 baptistam
1042 3658 1202 3719 magnum
1231 3642 1393 3706 nuntiasti

299 3745 360 3808 per
395 3726 582 3808 angelum.
605 3728 792 3789 maximum
835 3724 1013 3788 declarasti
1056 3746 1115 3806 per
1157 3727 1294 3791 uerbum
1334 3729 1391 3811 qui

185 3814 318 3877 clausus
334 3814 367 3877 in
389 3823 485 3877 utero
503 3814 649 3877 reddidit
670 3812 888 3895 obsequilum
909 3812 1070 3875 domino.
1089 3821 1229 3875 matrem
1253 3814 1321 3897 [iol.
1342 3830 1390 3895 51.

186 3900 327 3981 repleuit
347 3900 472 3982 gaudio
485 3946 492 3961 .
505 3902 610 3983 patris
630 3902 780 3982 linguam
802 3900 905 3963 soluit
927 3920 948 3962 a
970 3900 1233 3964 uinculo.cerne
1257 3902 1390 3984 placato

186 3987 280 4050 uultu
322 3985 655 4070 confrequentantem
694 3988 794 4051 hodie
832 3985 1018 4069 populum.
1035 3986 1079 4049 ad
1113 3989 1199 4050 tanti
1237 3991 1391 4070 preconis

183 4094 367 4139 occursum.
412 4075 528 4138 Amen.

228 4161 403 4226 Ascendat
418 4182 487 4225 uox
504 4162 592 4226 illius
607 4162 650 4225 ad
668 4181 763 4225 aures
779 4160 950 4226 altissimi.
961 4162 1018 4244 qui
1035 4163 1193 4225 maternis
1209 4163 1391 4228 uisceribus

185 4258 263 4312 ante
287 4249 404 4313 mundi
427 4250 603 4313 dominum
627 4250 722 4313 nouit
745 4247 896 4312 confiteri
920 4269 1022 4330 quam
1047 4249 1147 4313 nasci.
1192 4250 1309 4316 Amen.

230 4336 276 4399 Et
301 4358 343 4399 eo
379 4338 606 4401 intercedente
643 4346 803 4418 purgetur
832 4336 915 4398 haec
946 4336 1042 4417 plebs
1073 4358 1092 4398 a
1119 4337 1257 4401 crimine
1273 4386 1280 4401 .
1297 4338 1391 4403 cuius

186 4434 357 4487 auctorem
381 4424 504 4487 lauacri
529 4444 622 4487 sacra
647 4426 789 4487 dextera
813 4423 918 4486 tinxit
941 4424 974 4485 in
999 4421 1101 4487 sonte.
1148 4424 1268 4489 Amen.

231 4510 331 4593 Quod
355 4512 427 4593 ipse
450 4523 600 4593 prestare
624 4514 790 4593 dignetur.
