3375 5250
285 405 331 442 102
633 397 892 447 conzsecffllo
913 395 1162 445 conteram.

285 560 447 620 mundare
462 607 470 621 .
485 558 685 623 benedicere
699 561 1003 641 ,digneris.atque
1021 556 1217 641 corporibus
1237 553 1396 618 humanis
1415 552 1493 651 huic

285 644 362 706 loco
383 646 644 709 aduenientibus
665 648 895 710 sinceritatem
917 657 1118 729 perpetuam
1146 645 1294 707 tribuere
1315 661 1384 703 non
1404 641 1493 702 derr-

287 751 372 794 nas.
390 731 438 795 Et
459 734 679 815 quicumque
701 734 865 817 baptismi
887 744 1137 797 sacramentum
1158 750 1272 814 puce-
1304 728 1379 810 [iol.
1398 742 1491 791 laov.

285 819 398 899 perint
420 829 456 883 et
477 822 512 883 io
543 820 611 885 fide
632 822 801 885 catholica
823 822 998 904 usquead
1020 822 1113 883 uitae
1134 820 1317 882 terminum
1342 833 1493 913 perseue-

285 916 398 969 rantes
420 906 562 971 ruerat.
578 920 682 991 atque
701 910 844 973 decurso
865 909 966 971 huius
984 909 1040 971 eui
1056 908 1203 971 tumino
1220 924 1362 987 corpora
1378 922 1442 964 sua
1459 920 1493 962 m

285 990 351 1055 hoc
372 994 550 1074 cymiterio
572 997 699 1079 requiei
724 994 1230 1075 commendauaintangelicis
1250 992 1342 1055 tubis
1362 1008 1494 1089 concre-

286 1082 446 1160 pentibus
483 1084 660 1147 materiam
696 1086 846 1167 corporis
889 1094 927 1146 et
961 1084 1097 1146 animae
1135 1080 1264 1163 premia
1301 1078 1493 1141 caelestium

286 1168 486 1247 gaudiorum
510 1171 718 1253 sempiterna
740 1172 932 1254 percipiant
945 1220 954 1233 .
969 1190 1031 1252 per
1051 1170 1238 1233 dominum

398 1475 404 1487 ⁶
606 1382 723 1447 Oratrb
742 1382 793 1445 od
808 1382 1027 1465 aquilonalem
1045 1383 1193 1464 plagam.

290 1533 556 1662 Oblnipotens
574 1537 748 1618 deus.qui
768 1540 805 1598 es
824 1546 941 1600 custos
960 1537 1151 1599 animarum
1172 1543 1209 1597 et
1228 1531 1337 1596 tutela
1359 1530 1479 1629 salptis
1488 1578 1496 1591 .

402 1620 486 1685 fides
514 1624 723 1687 credentium
738 1670 747 1685 .
762 1625 892 1706 respice
920 1624 1086 1706 propitius
1115 1624 1161 1685 ad
1191 1633 1307 1696 nostre
1327 1627 1498 1681 seruitutis

288 1707 434 1773 officium
450 1758 458 1773 .
475 1720 515 1772 ut
538 1712 582 1774 ad
614 1712 789 1775 introitum
819 1722 974 1774 nostrum
1004 1711 1246 1774 benedicatur.
1261 1715 1497 1770 consecretur.

288 1804 323 1857 et
359 1795 586 1861 sanctificetur
622 1799 687 1860 hoc
720 1799 936 1880 cymiterium
951 1846 961 1861 .
976 1798 1137 1879 quatinus
1173 1798 1323 1858 humana
1357 1812 1498 1873 corpora

289 1881 344 1943 hic
366 1894 445 1965 post
476 1884 567 1949 uitae
597 1906 714 1949 cursus
744 1886 924 1967 pausantia
945 1886 981 1947 in
1012 1904 1140 1966 magno
1168 1883 1283 1945 iudicii
1311 1882 1369 1943 die
1397 1877 1497 1941 simul

289 1988 365 2033 cum
397 1969 493 2033 selice
519 1974 635 2037 anima
665 1983 859 2035 mereantur
886 1973 1029 2055 adipisci
1050 1974 1144 2035 uitae
1171 1968 1329 2052 perennis
1350 1967 1497 2050 gaudia.

290 2075 351 2137 per
372 2058 560 2122 dominum.

652 2260 768 2325 Oratio
789 2262 825 2323 in
849 2259 953 2323 Μία
971 2259 1146 2343 cymiterii.

359 2394 468 2457 Desto
497 2414 680 2476 quesumus
705 2396 844 2458 domine
873 2398 959 2459 deus
988 2395 1099 2458 officio
1120 2402 1257 2457 nostro.
1270 2396 1360 2455 hunc
1388 2393 1500 2455 locum

402 2482 552 2544 uisitanti
575 2531 583 2545 .
607 2491 642 2545 et
686 2494 822 2545 nostrae
866 2483 1059 2564 fragilitatis
1103 2482 1314 2545 ministerio.
1337 2490 1373 2543 et
1415 2479 1502 2541 sicut

293 2568 498 2632 benedixisti
543 2588 603 2652 per
640 2589 761 2634 manus
804 2580 941 2653 patrum
984 2570 1174 2634 maiorum.
1189 2569 1318 2633 scilicet
1354 2567 1502 2644 abrahe.

295 2656 385 2718 isaac
400 2704 407 2718 .
423 2665 458 2720 et
504 2657 601 2719 iacob
644 2666 768 2721 terram
805 2658 1021 2740 sepulturae.
1037 2669 1074 2721 et
1110 2658 1328 2739 postmodum
1368 2664 1502 2718 nostrae

295 2741 413 2805 salutis
436 2743 585 2807 remedio
607 2745 773 2807 traditus.
786 2744 1215 2827 flagellatus.tandemque
1236 2743 1326 2807 cruci
1347 2741 1502 2805 adfixus.

295 2850 356 2912 per
377 2841 412 2892 te
436 2831 546 2912 ipsum
571 2831 689 2913 ioseph
711 2830 891 2914 fdiuinitus
914 2843 1117 2914 preparante
1136 2841 1305 2895 terrenum
1343 2830 1412 2912 [foi
1432 2846 1502 2892 121.

296 2915 512 2980 sanctificasti
536 2918 750 3000 sepulchrum
766 2967 774 2981 .
790 2919 839 2982 ita
861 2920 926 2982 boc
954 2920 1168 3000 cymiterium
1189 2919 1387 2982 benedicere
1402 2967 1410 2981 .
1424 2937 1503 2980 con-

296 3023 426 3067 secrare
441 3055 449 3067 .
464 3016 500 3066 et
529 3004 574 3068 ab
603 3005 821 3069 inuisibilium
854 3007 1135 3070 machinamentis
1167 3007 1316 3069 hostium
1348 3005 1504 3067 roborare

297 3089 445 3173 digneris
460 3139 468 3154 .
484 3111 553 3172 quo
575 3113 695 3155 omnes
725 3114 869 3175 quorum
899 3104 977 3176 post
998 3094 1149 3156 laborem
1171 3095 1263 3157 uitae
1288 3093 1342 3154 hic
1364 3111 1504 3174 corpora

294 3179 515 3326 gausauerint
534 3227 542 3244 .
562 3189 746 3262 perpetuae
783 3179 954 3244 felicitatis
989 3182 1120 3263 premia
1150 3189 1399 3262 consequantur
1417 3231 1425 3241 .
1445 3199 1504 3260 per

319 3284 479 3330 ominum.

773 3431 899 3514 Incipit
918 3433 1031 3498 mi'ssa.

304 3561 440 3688 DEus
470 3562 564 3627 cuius
594 3564 809 3629 miseratione
838 3568 974 3631 animae
994 3568 1144 3632 fidelium
1174 3567 1411 3650 requiescunt.
1428 3568 1505 3630 huic

411 3651 586 3732 cymiterio
608 3651 766 3733 angelum
793 3661 890 3717 tuum
921 3656 1063 3737 deputes
1091 3655 1267 3719 custodem
1282 3702 1292 3718 .
1307 3664 1342 3716 et
1363 3655 1408 3717 da
1430 3675 1505 3736 pro-

298 3735 401 3817 pitius
435 3747 473 3800 ut
505 3737 657 3800 omnium
691 3758 833 3820 quorum
868 3742 923 3804 hic
956 3763 1097 3826 corpora
1130 3742 1355 3825 sepeliantur.
1371 3742 1505 3807 animae

299 3823 476 3888 absolutae
498 3824 543 3887 ab
565 3826 656 3887 omni
680 3825 797 3890 dolore
819 3828 891 3890 sine
914 3827 981 3893 fine
1004 3831 1170 3894 letentur.
1186 3850 1246 3913 per
1267 3829 1452 3892 dominum.

813 4061 989 4130 Secretum.

307 4195 376 4320 VI
386 4193 503 4258 Unera
540 4194 677 4258 domine
715 4194 830 4259 oblata
868 4199 1072 4265 sanctifica.
1095 4212 1131 4265 et
1166 4202 1225 4284 qui
1256 4211 1291 4265 te
1325 4202 1436 4284 ipsum
1472 4201 1505 4263 in

307 4264 323 4320 l
429 4281 607 4364 sepulchro
636 4283 717 4364 poni
747 4283 908 4349 uoluisti.
924 4306 985 4367 per
1013 4289 1097 4352 haec
1127 4309 1190 4352 nos
1219 4291 1263 4353 ad
1289 4288 1392 4352 finem
1417 4288 1508 4352 uitae

295 4380 541 4518 properantes.
559 4390 580 4432 a
610 4377 825 4451 peccatorum
861 4384 1053 4438 nostrorum
1086 4376 1228 4439 maculis
1258 4379 1430 4441 emunda.
1446 4395 1505 4458 per

319 4473 483 4520 ominum.
