3375 5250
581 440 902 491 BENEDICTIONES
921 440 1181 492 EPISCOPALES.

383 663 428 724 lu
453 677 605 728 narare
629 665 773 730 Snucm
797 666 1026 731 Snunsrmm
1050 679 1389 730 MARTYRIS.ALM1.

349 799 607 888 [Bauamcrro
631 816 673 865 m
699 815 852 867 narnus
877 802 1019 867 Snucrr
1043 802 1281 869 Subnsrmm.
1322 800 1393 890 [fol.
1412 805 1487 884 46v.

288 961 424 1086 DEus
440 965 497 1045 qui
514 962 797 1047 triumphantibus
813 984 875 1046 pro
898 975 932 1030 te
956 966 1160 1048 martyribus
1182 967 1310 1050 regiam
1334 967 1488 1031 caelestis

396 1051 492 1114 aulae
507 1053 679 1134 potentiae
701 1052 843 1115 dextera
864 1052 1001 1134 pandis.
1013 1055 1138 1136 quique
1158 1074 1219 1137 pro
1234 1065 1269 1117 te
1289 1055 1489 1119 dimicantes

283 1141 330 1204 sic
355 1138 514 1220 decoquis
537 1137 572 1201 in
604 1141 772 1221 corporeis
802 1141 970 1203 erumnis.
989 1152 1026 1204 ut
1053 1141 1147 1204 uelut
1170 1162 1287 1205 aurum
1313 1139 1488 1205 rutilians1

283 1227 434 1308 excipias
468 1227 501 1288 in
532 1227 683 1308 supernis
700 1277 706 1291 .
723 1226 849 1289 exaudi
875 1237 955 1291 uota
984 1228 1169 1310 praesentis
1202 1227 1317 1311 populi
1341 1229 1414 1293 tui.
1431 1230 1489 1311 qui

283 1323 400 1378 sancto
416 1312 553 1395 martyri
574 1323 633 1376 tuo
648 1313 839 1377 sebastiano
863 1313 896 1375 in
917 1316 1099 1378 certamine
1116 1315 1289 1379 uictoriam
1305 1316 1489 1397 prestitisti.

283 1403 401 1466 Amen.

329 1488 382 1553 Sit
408 1486 507 1569 plena
533 1486 611 1550 huic
635 1486 741 1550 letitia
767 1487 907 1551 eclesiae
937 1509 998 1568 pro
1028 1489 1098 1551 eius
1128 1488 1299 1570 triumpho
1315 1536 1323 1552 .
1338 1489 1488 1552 obtineat

287 1575 390 1657 ipsius
406 1574 571 1656 passionis
588 1592 648 1656 pro
664 1572 830 1638 delict02.
847 1585 881 1639 et
904 1574 1040 1639 effunde
1058 1596 1158 1657 super
1172 1595 1231 1638 eos
1250 1577 1341 1640 dona
1355 1576 1493 1658 spiritu

284 1663 386 1725 alium
410 1661 594 1725 uirtutum.
613 1672 650 1724 ut
672 1661 754 1724 nihil
777 1682 834 1725 eos
858 1661 1010 1726 inimicus
1033 1673 1091 1726 aut
1115 1662 1279 1727 uiolenter
1300 1663 1485 1745 subripiat.

285 1759 343 1812 aut
367 1748 484 1811 fraude
508 1748 660 1831 decipiat.
704 1748 821 1813 Amen.

332 1835 380 1901 Ut
406 1835 581 1899 obtinente
607 1836 696 1917 apud
723 1847 757 1898 te
783 1835 884 1899 beato
915 1846 1061 1918 martyre
1082 1845 1142 1900 tuo
1164 1836 1356 1900 sebastiano
1372 1883 1379 1899 .
1395 1837 1488 1900 cuius

285 1923 385 1986 hodie
400 1922 485 1985 festa
500 1921 794 2004 celebramus.per
813 1922 901 1987 bone
920 1922 1183 1987 conuersationis
1204 1924 1487 2005 perseuerantiam

285 2011 328 2074 ad
350 2019 442 2074 tuam
468 2029 655 2072 mereamur
681 2010 869 2092 pertingere
895 2009 1050 2092 gratiam.
1094 2010 1212 2075 Amen.

330 2095 450 2180 [Quod
478 2098 550 2179 ipse
574 2108 722 2179 prestare
744 2097 908 2178 dignetur.
1355 2098 1424 2181 [iol.
1440 2114 1494 2178 47.

467 2349 512 2413 Iu
539 2362 692 2413 unsrun
715 2348 895 2414 Snucrnre
917 2347 1091 2415 Aounms
1116 2365 1296 2416 umorum.

294 2513 516 2637 BEnedicat
533 2511 628 2575 uobis
652 2511 808 2574 dominus
829 2512 886 2593 qui
908 2509 1028 2574 beatae
1047 2531 1155 2592 agnae
1175 2512 1294 2592 uirgini
1311 2513 1492 2576 concessit.

391 2610 424 2665 et
445 2601 599 2664 decorem
625 2598 826 2681 uirginitatis
843 2646 851 2661 .
868 2606 902 2661 et
929 2598 1070 2680 gloriam
1093 2599 1267 2680 passionis.
1311 2597 1428 2663 Amen.

332 2692 378 2755 Et
404 2689 498 2751 cuius
528 2685 750 2770 opitulatione
779 2686 835 2748 illa
866 2686 987 2748 meruit
1016 2697 1051 2748 et
1081 2706 1184 2749 sexus
1214 2684 1429 2767 fragilitatem
1456 2696 1491 2749 et

287 2776 559 2862 persequentium
597 2773 722 2835 rabiem
762 2772 939 2835 deuincere
955 2818 964 2834 .
980 2792 1042 2835 uos
1075 2773 1211 2854 possitis
1242 2785 1276 2835 et
1307 2782 1493 2837 uestrorum

288 2882 465 2946 corporum
490 2859 674 2925 inlecebras
686 2908 692 2923 .
704 2869 738 2923 et
754 2859 884 2940 antiqui
905 2859 1011 2921 hostis
1035 2859 1308 2923 machinamenta
1328 2880 1492 2943 superare.

286 2954 405 3017 Amen.

333 3038 410 3123 Quo
426 3037 511 3099 sicut
535 3034 591 3097 illa
613 3054 697 3097 sexu
722 3031 830 3114 fragili
854 3032 948 3094 uirile
971 3033 1043 3095 nisa
1066 3041 1117 3096 est
1140 3045 1307 3097 certamen
1331 3033 1445 3098 adire.
1462 3045 1496 3099 et

289 3138 366 3210 post
381 3134 550 3189 certamen
566 3122 609 3184 de
621 3120 773 3183 hostibus
786 3118 990 3200 triumphare
1002 3168 1011 3184 .
1025 3122 1072 3183 ita
1084 3140 1144 3182 uos
1160 3122 1193 3182 in
1210 3120 1273 3184 hac
1290 3122 1496 3186 mortalitate

289 3216 462 3278 uiuentes.
481 3208 621 3271 ualeatis
644 3217 678 3270 et
699 3206 875 3288 antiquum
899 3206 1031 3270 hostem
1055 3208 1232 3271 deuincere
1245 3258 1252 3272 .
1266 3220 1299 3271 et
1322 3210 1366 3273 ad
1390 3229 1493 3291 regna

289 3298 447 3364 caelestia
469 3296 650 3377 peruenire.
695 3293 813 3356 Amen.

335 3384 436 3469 Quod
463 3384 534 3465 ipse
559 3391 708 3464 prestare
734 3380 1012 3462 dignetur.cuius
1037 3402 1190 3463 regnum.

440 3632 485 3695 lu
508 3643 779 3696 conunusmmr
802 3642 987 3694 oocrorus
1010 3643 1187 3695 caunum
1211 3626 1359 3699 snuc'rr.

322 3796 457 3923 DEus
476 3794 534 3875 qui
557 3795 666 3875 gratia
689 3812 751 3856 sua
772 3792 912 3856 beatum
935 3792 1072 3876 paulum
1096 3814 1140 3857 ex
1164 3814 1317 3876 persecu·
1340 3795 1408 3878 [iol.
1425 3813 1499 3877 47v.

428 3892 500 3946 tore
523 3880 601 3944 iecit
625 3880 839 3961 apostolum.
857 3879 928 3961 ipse
951 3880 1047 3943 uobis
1074 3882 1331 3964 conpunctionis
1358 3882 1500 3966 piaeque

294 3968 523 4031 conuersionis
549 3967 710 4049 dignetur
737 3966 899 4051 impertiri
926 3968 1092 4049 spiritum.
1137 3969 1256 4034 Amen.

339 4053 473 4137 Quique
504 4055 534 4117 ei
564 4063 769 4117 secretorum
808 4054 1002 4117 caelestium
1030 4054 1212 4137 mysteria⁸
1242 4056 1389 4120 reuelare
1404 4108 1411 4120 .
1429 4058 1499 4139 ipse

295 4142 390 4205 uobis
416 4143 655 4223 scripturarum
684 4162 819 4205 suarum
848 4141 964 4205 abdita
988 4142 1146 4226 dignetur
1169 4146 1306 4226 aperire.
1350 4144 1468 4209 Amen.

329 4321 336 4349 ¹
453 4319 459 4330 .

299 4452 304 4462 .
327 4385 344 4462 ἦ
354 4320 635 4463 qgwrpqllapswapfing
652 4392 679 4434 to
696 4385 822 4463 complete
839 4385 883 4435 the
899 4400 978 4437 sense.
1015 4386 1041 4437 S.
1054 4386 1231 4437 AEthelwold’s
1246 4375 1440 4439 Benedictional
1456 4390 1502 4439 has

293 4458 373 4566 Qu}
377 4450 776 4567 pffiqupgrltvslpquqasstepgqiccqugql
788 4517 862 4567 reads
873 4517 989 4582 mysteria
999 4517 1117 4581 agnatus
1127 4524 1162 4567 est
1171 4518 1285 4569 reuslare.
